4917 6509
671 776 740 841 180
1198 770 1354 843 LIBER
1380 769 1626 842 EOCLESIE
1983 791 2059 842 sne.
2073 792 2138 843 xv.

684 994 748 1063 per
765 968 995 1041 Ordinarium
1012 968 1192 1043 reseruata
1213 972 1339 1043 extitit
1354 980 1394 1042 et
1409 965 1608 1064 allignatat
1625 969 1719 1042 Cum
1744 981 1868 1043 autem
1892 966 1985 1042 sicut
2010 971 2138 1041 eadem

683 1109 811 1199 petitio
829 1104 1066 1203 subiungebat
1080 1129 1092 1181 s
1107 1110 1268 1203 prefatus
1293 1108 1470 1205 Georgius
1495 1118 1657 1203 tempore
1682 1105 1933 1181 reseruationis
1958 1104 2137 1202 pensionis

683 1245 863 1317 bui9modi
881 1266 893 1319 s
913 1250 1209 1319 excomunicatns
1234 1257 1273 1318 et
1297 1246 1441 1341 publice
1466 1248 1713 1319 denunciatus·
1728 1247 1838 1319 fuerit
1862 1272 1905 1319 ac
1930 1241 2051 1341 pensio
2076 1243 2138 1340 ipa

683 1406 752 1474 que
780 1379 858 1476 post
887 1386 1148 1477 promotionem
1176 1380 1335 1455 eiusdem
1360 1383 1516 1457 Abbatis
1540 1385 1586 1457 ad
1614 1386 1750 1457 dicum
1774 1380 2029 1459 monasterium
2056 1405 2068 1453 s
2094 1406 2136 1453 ac

683 1533 803 1615 preter
819 1525 896 1593 eius
914 1519 1122 1595 consensum
1139 1524 1201 1615 qui
1219 1524 1257 1592 iu
1273 1522 1342 1593 hoc
1358 1523 1488 1594 merito
1512 1518 1742 1595 interuenisse
1767 1524 1893 1596 debuit
1910 1523 2034 1596 taliter
2050 1545 2136 1615 qua·

683 1661 765 1731 liter
781 1656 946 1754 proceffit
963 1663 999 1731 in
1018 1663 1216 1733 maximum
1238 1661 1474 1755 prciudicium
1499 1661 1656 1733 Abbatis
1672 1673 1711 1733 et
1728 1658 1927 1756 monasterij
1946 1658 2134 1754 predictos

682 1800 787 1870 cedat
803 1810 876 1893 atq„
892 1801 1062 1870 damnum
1077 1819 1089 1871 s
1106 1795 1253 1893 dietusq,
1271 1798 1449 1894 Georgius
1473 1800 1518 1870 de
1543 1796 1604 1871 sua
1631 1801 1796 1893 portione
1820 1798 2018 1871 canonicali
2043 1792 2134 1867 licut

681 1938 759 2008 aliis
777 1940 861 2009 dieti
873 1933 1072 2031 ‹nonasterij
1089 1936 1281 2009 Canonicis
1297 1938 1516 2009 exhibetur!
1531 1939 1661 2009 merito
1679 1938 1810 2009 debeat
1824 1937 2028 2009 contentari
2042 1956 2054 2006 s
2068 1958 2133 2029 pro

680 2086 782 2169 parte
800 2073 894 2169 ipius
912 2074 1068 2147 Abbatis
1093 2078 1196 2147 nobis
1219 2077 1291 2148 fuit
1313 2076 1499 2149 humiliter
1520 2072 1760 2170 supplicatum
1774 2097 1787 2147 s
1802 2085 1845 2147 ut
1861 2073 1968 2169 snper
1983 2075 2052 2144 biis
2069 2069 2132 2144 fibi

680 2228 718 2283 et
743 2210 852 2285 statui
877 2212 966 2285 suos
986 2238 1028 2285 ac
1055 2214 1150 2285 disto
1174 2211 1395 2297 monasterio
1420 2224 1597 2310 oportune
1621 2215 1812 2309 prouidere
1838 2216 1883 2285 dc
1908 2214 2133 2308 benignitate

678 2348 795 2444 aplica
820 2352 1049 2446 dignaremur
1073 2390 1082 2407 ·
1109 2352 1188 2423 Nos
1213 2355 1325 2448 igitur
1348 2356 1418 2447 qui.
1435 2353 1480 2424 de
1505 2346 1679 2446 premissis
1704 2362 1841 2423 certam
1866 2352 2035 2422 notitiam
2059 2374 2131 2421 non

677 2488 851 2559 babemus
870 2511 881 2561 r
898 2488 1079 2560 hui9modi
1105 2487 1420 2583 supplicationibus
1437 2489 1623 2562 inclinatis
1635 2487 1839 2562 discretioni
1852 2496 1919 2561 ure
1936 2512 2000 2581 per
2015 2489 2133 2585 aplica

677 2623 807 2720 scripta
823 2628 1035 2699 mandamus
1050 2647 1062 2699 s
1078 2628 1248 2721 quatinus
1270 2630 1409 2700 uocatis
1426 2627 1584 2722 Georgio
1608 2625 1769 2721 predisto
1783 2648 1796 2697 s
1812 2649 1954 2699 necnon
1971 2626 2051 2698 aliis
2067 2628 2130 2719 qui

677 2766 811 2835 fuerint
828 2766 1003 2837 euocandi
1021 2788 1086 2859 uos
1112 2765 1172 2838 uel
1198 2766 1291 2839 alter
1312 2768 1393 2838 uim
1418 2761 1522 2860 super
1544 2760 1717 2859 premillis
1740 2768 1955 2838 austeritate
1978 2767 2044 2836 nia
2066 2788 2146 2837 uos.

677 2904 869 2999 diligenter
881 2905 1102 2976 informetiss
1113 2914 1151 2977 et
1165 2901 1191 2975 fi
1204 2928 1269 2999 per
1281 2907 1432 2978 eandem
1445 2905 1735 2977 informationem
1749 2904 1801 2974 ita
1813 2900 1884 2975 esse
1896 2904 2130 2975 inueneritiss

676 3038 882 3135 penfionem
899 3043 1098 3136 predictam
1121 3064 1133 3113 t
1160 3052 1197 3115 et
1222 3066 1398 3137 quecunq3
1421 3044 1506 3115 inde
1531 3039 1684 3113 secutas
1706 3041 1800 3113 dicta
1825 3048 1892 3113 nia
1917 3042 2129 3114 auctoritate

675 3182 853 3253 reuocetis
868 3202 879 3251 s
896 3190 934 3252 et
952 3180 1147 3253 annulletis
1158 3200 1170 3253 s
1181 3179 1347 3278 nulliusqs
1358 3178 1542 3254 subsistere
1555 3181 1690 3252 roboris
1704 3180 1764 3252 uel
1776 3182 1954 3252 momenti
1964 3201 1976 3251 s
1988 3203 2127 3253 necnon

674 3318 848 3391 'l'homam
867 3319 1050 3391 Abbatcm
1068 3320 1268 3412 predictum
1285 3329 1323 3391 et
1340 3315 1550 3393 successores
1564 3318 1645 3391 suos
1661 3316 1758 3413 ipius
1774 3296 1984 3412 monastertj
2003 3318 2129 3390 Abbcs

674 3481 738 3549 pro
752 3468 914 3551 tempore
927 3454 1124 3529 existentes
1140 3477 1151 3521 s
1167 3457 1211 3530 ad
1228 3455 1443 3529 solutionem
1456 3453 1634 3551 pensrouis
1646 3428 1828 3527 hni9modi
1841 3456 1936 3527 dicto
1949 3457 2128 3552 Georgios

674 3594 735 3667 uel
761 3596 925 3687 cuicunq,
952 3595 1056 3665 alteri
1084 3595 1253 3688 deinceps
1278 3594 1478 3668 faciendam
1505 3593 1714 3665 nullatenus
1741 3596 1857 3664 teneri
1882 3590 1945 3663 seu
1967 3590 2128 3664 astrittos

673 3734 787 3815 fores
816 3732 955 3826 prefata
988 3731 1201 3803 auttcritate
1231 3732 1432 3805 decernatis
1459 3744 1519 3803 ἵε*
1549 3740 1656 3825 prout
1680 3732 1726 3801 dc
1752 3733 1829 3802 iure
1858 3731 1967 3802 fucrit
1996 3732 2129 3803 facien-

673 3872 786 3941 dums
810 3870 896 3941 Non
915 3862 1138 3941 obstantibus
1163 3867 1332 3964 pensione
1357 3865 1546 3965 premissas
1562 3892 1605 3939 ac
1630 3863 1958 3939 Constitutionibus
1974 3866 2127 3961 apliciss

672 4003 832 4103 ceterisffi
857 4008 1044 4079 contrariis
1075 4003 1307 4103 quibuscunq,
1332 4049 1340 4066 ·
1378 4007 1466 4081 Dat⁴
1504 4007 1621 4077 Rome
1655 4005 1751 4099 apud
1784 4003 1957 4077 Sancum
1984 4015 2126 4099 petrum

672 4146 781 4217 Anno
796 4144 1060 4219 lucarnationis
1073 4146 1252 4255 dominice
1263 4143 1458 4227 millesimo
1471 4140 1821 4237 quadringentesimo
1835 4140 2126 4239 quinquagesimo

672 4284 950 4368 Quartodecimo
967 4278 1007 4353 il
1024 4282 1125 4376 Junij
1141 4282 1382 4355 pontificatus
1412 4319 2125 4341 ····················

670 4557 902 4629 Confirmatio
919 4555 1048 4629 Jacobi
1066 4556 1177 4651 Regis
1194 4556 1430 4629 donationum
1447 4551 1706 4629 antecessorum
1724 4597 1732 4613 ·

356 4916 361 4925 Ι
422 4896 425 4903 «
555 4840 638 4903 915.
678 4806 709 4899 J
715 4830 847 4901 acobus
870 4830 927 4900 dei
953 4828 1081 4902 Gratia
1104 4826 1186 4899 Rex
1213 4827 1421 4900 Scottorum
1440 4826 1614 4901 ‚omnibus
1639 4830 1759 4922 probis
1784 4831 1989 4903 hominibus
2012 4834 2124 4903 totius

423 4936 434 4965 ⁴¹
664 4978 759 5038 terre
776 4968 912 5039 clericis
930 4976 968 5039 et
986 4966 1086 5039 laicis
1105 4964 1270 5037 Salutem
1297 4964 1403 5039 Licet
1427 4967 1525 5037 enim
1554 4966 1764 5039 cuneorum
1789 4971 1828 5039 in
1853 4969 1981 5064 Regno
2006 4964 2125 5039 nostro
