4917 6509
320 862 406 917 suu.
425 861 536 914 usuc.
723 839 761 913 S.
788 833 1085 912 TRINITATIS
1111 836 1181 911 Du
1205 836 1352 912 SCON.
1736 850 1783 918 15

321 1040 508 1137 Forgrund
534 1048 572 1113 et
589 1034 617 1110 fi
633 1039 679 1112 ad
702 1035 889 1111 aliusmodi
912 1038 1052 1111 firmam
1074 1032 1190 1131 posca
1213 1038 1323 1110 fiserit
1339 1033 1504 1112 similiter
1520 1048 1558 1111 et
1584 1040 1668 1113 inde
1685 1043 1780 1115 deci·

319 1201 417 1252 mam
433 1202 544 1251 vnum
561 1178 695 1251 toftum
717 1177 755 1250 in
780 1176 1000 1272 Lynlithcou
1023 1198 1252 1248 comunem
1272 1172 1438 1270 pascuam
1455 1176 1557 1250 robis
1573 1187 1613 1250 et
1629 1180 1782 1253 homini·

320 1317 387 1390 bus
405 1315 529 1391 vestris
554 1341 620 1411 per
634 1316 796 1389 maneria
811 1314 874 1387 suc
891 1315 1107 1407 ubicumque
1124 1322 1220 1386 terre
1234 1310 1349 1387 vestre
1373 1317 1543 1387 maneriis
1568 1313 1639 1389 suis
1656 1318 1779 1392 affines

321 1455 456 1527 fuerint
518 1452 767 1527 Rationabiles
796 1475 940 1545 quoque
967 1450 1153 1525 libertates
1183 1460 1222 1523 et
1251 1449 1528 1526 consuetudines
1565 1480 1587 1528 a
1617 1454 1779 1552 Regibus

323 1594 422 1666 vobis
439 1588 616 1665 concessas
632 1586 724 1663 ficut
736 1591 774 1661 in
788 1590 1021 1683 cadentique
1038 1586 1169 1683 scripto
1182 1612 1308 1661 eorum
1321 1591 1453 1663 exinde
1468 1592 1561 1664 sada
1573 1597 1780 1667 continetur

322 1730 421 1803 vobis
437 1731 652 1804 auuontate
674 1724 868 1823 apostolica
883 1727 1136 1799 confirmamus
1187 1726 1283 1800 Oum
1308 1736 1433 1800 autem
1462 1752 1654 1803 commune
1669 1734 1781 1805 inter-

322 1870 456 1940 diuum
473 1878 569 1941 terre
586 1868 697 1939 fuerit
713 1866 823 1939 liceat
839 1866 941 1938 vobis
958 1859 1086 1937 clausis
1105 1865 1228 1959 januis
1253 1888 1327 1937 non
1352 1864 1500 1960 pulsatis
1524 1869 1779 1943 tintinnabulis

323 2001 475 2079 exclusas
500 2006 822 2078 excommunicatis
840 2012 878 2075 et
896 2002 1097 2076 intendistis
1114 1999 1290 2097 suppressa
1306 2027 1395 2077 voce
1411 2006 1537 2079 diuina
1552 2007 1668 2080 officia
1687 2009 1780 2081 cele-

322 2146 425 2215 brare
475 2141 707 2237 Sepulturam
730 2164 873 2235 quoque
890 2136 998 2236 ipsius
1015 2140 1085 2213 loci
1102 2140 1255 2213 liberam
1269 2138 1341 2215 esse
1354 2144 1587 2217 concedimus
1599 2154 1643 2218 ut
1655 2170 1780 2218 eorum

322 2281 508 2355 deuotioni
526 2290 565 2352 et
582 2288 748 2353 extreme
774 2277 955 2351 voluntati
981 2280 1042 2372 qui
1068 2274 1106 2351 se
1131 2279 1206 2351 illic
1230 2274 1387 2372 sepelliri
1412 2281 1691 2355 deliberauerint
1714 2279 1779 2354 nisr

323 2421 416 2492 forte
450 2418 754 2490 excommunicati
784 2416 841 2489 vol
873 2416 1055 2489 interdidti
1088 2410 1160 2488 fint
1188 2416 1312 2489 nullus
1345 2413 1490 2491 obfistat
1524 2415 1624 2492 saluo
1657 2429 1780 2493 tamen

323 2552 463 2629 iusticia
489 2554 758 2650 parochialium*
779 2548 1008 2627 ecclesiarum
1040 2554 1242 2646 dequibus
1270 2564 1496 2627 mortuorum
1518 2579 1666 2651 corpora
1692 2554 1782 2629 affu-

323 2703 473 2765 muntur
532 2692 703 2765 Obeunte
733 2711 817 2763 vero
851 2700 890 2764 te
922 2714 1021 2764 nunc
1054 2688 1213 2764 eiusdem
1252 2690 1323 2764 loci
1354 2692 1502 2766 Abbate
1535 2692 1594 2766 vel
1632 2703 1780 2768 tuorum

323 2830 485 2925 quolibet
517 2827 752 2904 successorum
777 2828 900 2902 nullus
924 2831 974 2901 ibi
1003 2829 1166 2923 qualibet
1192 2827 1432 2923 subreptionis
1457 2827 1592 2904 astucia
1617 2830 1679 2905 seu
1704 2835 1779 2904 vio·

324 2969 442 3041 lancia
466 2976 685 3063 proponatur
708 2962 773 3038 nisi
803 2988 911 3060 quem
936 2966 1065 3039 fratres
1090 2968 1274 3038 communi
1302 2961 1407 3038 sensu
1431 2968 1492 3039 uel
1521 2970 1675 3041 fratrum
1699 2994 1782 3064 pars

325 3103 471 3179 sanioris
500 3101 635 3201 confilij
666 3102 864 3177 secundum
893 3104 1003 3176 deum
1028 3111 1067 3175 et
1092 3103 1189 3175 beati
1215 3099 1410 3198 Augustini
1436 3103 1616 3201 Regulam
1642 3109 1784 3201 preuid-

326 3252 436 3317 erunt
460 3242 668 3339 eligendum
719 3240 968 3315 ‘Decemimus
993 3260 1079 3337 ergo
1105 3248 1145 3311 vt
1169 3238 1261 3311 nulli
1284 3242 1434 3313 omnino
1459 3243 1645 3317 hominnm
1674 3246 1783 3317 liceat

326 3383 504 3477 prefatam
538 3377 725 3455 ecclesiam
758 3389 897 3454 temere
926 3380 1138 3472 perturbare
1174 3387 1240 3450 aut
1273 3380 1351 3450 eius
1383 3375 1609 3473 possesiones
1643 3385 1783 3455 auferre

329 3519 387 3593 vel
418 3520 556 3593 ablatas
584 3522 743 3593 retinere
772 3520 936 3591 minnere
965 3527 1030 3589 aut
1060 3516 1240 3611 aliquibus
1266 3522 1524 3597 vexacionibus
1548 3524 1701 3621 fatigare
1729 3524 1784 3598 set

329 3661 451 3733 omnia
476 3659 618 3754 integra
646 3654 904 3730 conseruentur
930 3677 1054 3727 eorum
1082 3679 1147 3749 pro
1178 3679 1332 3750 quorum
1356 3660 1619 3755 gubernatione
1646 3674 1684 3735 et
1713 3662 1786 3736 sus·

329 3796 532 3871 sentations
555 3790 715 3868 concessa
744 3791 829 3866 sunt
854 3789 972 3865 vfibns
997 3795 1213 3867 omnimodis
1240 3797 1429 3889 profutura
1488 3798 1600 3872 Salua
1632 3802 1671 3871 in
1706 3826 1783 3875 om-

331 3928 436 4008 nibus
461 3929 653 4029 apostolice
670 3931 762 4004 sedis
778 3932 991 4009 austeritate
1010 3941 1048 4003 et
1067 3930 1256 4026 dyocesani
1273 3932 1428 4030 episcopi
1447 3939 1620 4011 canonica
1644 3938 1784 4012 iusticia

333 4076 373 4146 Si
398 4096 469 4166 qua
491 4074 603 4167 igitur
627 4074 664 4142 in
690 4070 853 4142 futurum
878 4064 1116 4142 ecclesiastica
1140 4067 1350 4145 secularisve
1374 4072 1524 4166 persona
1548 4076 1640 4147 banc
1665 4074 1784 4148 nostre

333 4208 598 4286 constitutionis
631 4210 799 4305 paginam
827 4205 942 4280 sciens
972 4215 1098 4279 contra
1125 4228 1206 4279 eam
1236 4217 1374 4281 temere
1400 4211 1523 4283 venire
1547 4216 1784 4306 temptauerit

332 4344 487 4421 secundo
520 4346 676 4417 tertioue
710 4345 930 4417 commonita
962 4339 990 4414 fi
1023 4368 1095 4416 non
1129 4354 1271 4418 reatum
1304 4342 1407 4417 suum
1441 4370 1599 4443 congrua
1630 4346 1786 4424 satiffac-

333 4487 433 4557 tione
462 4482 659 4556 correxerit
684 4476 871 4575 potestatis
897 4478 1109 4574 honorisque
1134 4478 1188 4553 sui
1213 4483 1391 4577 dignitate
1416 4496 1536 4558 careat
1560 4509 1730 4582 reamque
1756 4485 1783 4557 ss

333 4623 457 4695 diuino
473 4621 605 4693 iudicio
623 4602 776 4692 existere
789 4619 834 4691 de
847 4628 1055 4713 perpetratu
1067 4621 1260 4713 iniquitate
1270 4618 1460 4715 cognoscat
1473 4631 1512 4694 et
1524 4647 1546 4695 a
1557 4620 1784 4697 sccmuffimo

335 4780 536 4856 corporeae
548 4754 719 4851 sunguine
733 4756 791 4828 dei
804 4748 842 4827 et
855 4756 990 4827 domini
1004 4756 1240 4849 redemptoris
1253 4755 1363 4830 nostri
1375 4758 1400 4829 J
1402 4757 1509 4832 ehesu
1523 4756 1655 4832 Christi
1668 4760 1786 4833 aliena

335 4898 398 4969 siat
415 4906 525 4989 atque
542 4897 580 4966 in
594 4902 758 4966 extremo
771 4896 939 4968 examine
955 4890 1114 4966 districte
1126 4894 1259 4967 vicioni
1272 4892 1454 4969 subiaceat
1501 4897 1649 4968 (lundis
1663 4908 1785 4970 autem

336 5034 453 5107 eidem
471 5032 550 5105 loco
567 5028 631 5104 sua
647 5032 724 5104 iura
736 5027 962 5105 sernentibus
979 5027 1024 5103 fit
1040 5054 1112 5125 pax
1130 5032 1266 5105 domini
1284 5028 1393 5105 nostri
1405 5030 1540 5107 Jehesu
1552 5032 1683 5106 Christi
1701 5058 1786 5128 qna·
