4917 6509
706 831 727 892 Q
1219 819 1377 891 LIBER
1404 819 1651 892 ECCLESIE
1991 841 2066 892 sac.
2086 841 2155 890 x11.

705 1023 865 1092 innotuit
881 1015 1030 1091 honesto
1048 1021 1240 1112 proborum
1255 1021 1412 1090 virorum
1425 1017 1572 1092 consilio
1584 1043 1606 1092 a
1619 1021 1775 1113 dompno
1793 1017 2024 1091 Adeluualdo
2041 1021 2159 1112 priore

706 1162 887 1251 requirere
948 1157 1089 1242 Quibus
1115 1159 1160 1229 ab
1186 1154 1258 1250 ipso
1288 1159 1406 1250 priore
1433 1158 1535 1229 nobis
1560 1153 1729 1230 conceffis
1756 1159 1856 1228 omni
1879 1152 2091 1250 proseffione
2121 1165 2160 1227 et

706 1294 924 1367 subiectione
949 1295 1071 1366 liberis
1101 1302 1140 1366 et
1165 1292 1291 1365 solutis
1321 1318 1443 1367 curam
1474 1305 1513 1368 et
1538 1293 1736 1368 custodiam
1761 1297 1900 1388 prefate
1935 1292 2084 1367 ecclesie
2111 1291 2159 1364 fio

707 1430 948 1506 commisimus
972 1444 1015 1504 ut
1041 1434 1203 1505 ordinem
1230 1435 1280 1504 ibi
1307 1431 1527 1505 constituant
1553 1435 1599 1506 ad
1624 1431 1853 1506 seruiendum
1884 1432 1965 1506 Deo
1990 1435 2160 1506 canonice

707 1571 903 1644 secundum
929 1569 1091 1665 regulam
1120 1568 1230 1641 sandei
1258 1569 1455 1666 Augustini
1510 1571 1636 1644 Terras
1661 1575 1772 1644 etiam
1803 1583 1841 1644 et
1869 1566 2094 1666 possessiones
2124 1581 2161 1641 et

709 1708 986 1780 eonsuetudines
1012 1707 1225 1802 subscriptas
1244 1710 1362 1780 eidem
1388 1707 1536 1782 ecclesie
1557 1732 1622 1802 pro
1648 1706 1908 1804 nobismetipsis
1934 1720 1972 1781 et
1997 1733 2061 1803 pro
2089 1712 2163 1782 ani-

709 1848 836 1918 mabus
853 1857 998 1938 patrum
1017 1856 1054 1916 et
1071 1855 1229 1917 matrum
1248 1857 1286 1918 et
1304 1849 1455 1918 fratrum
1474 1857 1512 1920 et
1529 1845 1688 1918 sororum
1702 1858 1740 1919 et
1757 1845 2015 1922 antecellomm
2033 1857 2072 1919 et
2089 1845 2164 1919 suc·

710 1980 881 2056 celsorum
907 1980 1107 2055 nostrorum
1124 1984 1286 2056 fidelium
1297 1987 1381 2079 jure
1403 1993 1579 2079 perpetuo
1596 1979 1821 2078 poffidendas
1846 1988 2075 2058 concedimus
2115 1984 2163 2054 Et

709 2145 757 2192 ne
776 2123 854 2213 quis
867 2120 1049 2216 sacrilegio
1063 2118 1148 2192 ausu
1165 2123 1232 2193 hec
1248 2123 1380 2193 violare
1396 2118 1579 2216 presumat
1597 2124 1695 2217 regia
1712 2124 1925 2195 ancoritate
1942 2125 2048 2194 huius
2066 2133 2164 2194 carte

710 2256 914 2330 testimonio
941 2259 1193 2330 confirmamus
1235 2258 1344 2330 Terre
1362 2269 1486 2331 autem
1503 2268 1543 2331 et
1558 2255 1783 2353 posseffiones
1808 2262 1876 2334 hec
1894 2260 1977 2332 sunt
1999 2261 2164 2332 Infervus

713 2419 796 2468 oum
826 2398 986 2488 quinque
1020 2398 1197 2467 carucatis
1231 2406 1327 2467 terre
1357 2395 1562 2469 Benchorin
1596 2421 1680 2470 cnm
1715 2399 1831 2470 tribus
1861 2401 2036 2472 carucatis
2070 2410 2165 2470 terre

711 2533 888 2605 Fotheros
905 2556 988 2605 cum
1006 2556 1078 2604 vna
1094 2542 1261 2604 camcata
1279 2532 1518 2626 Kynochtred
1535 2559 1618 2608 cum
1636 2560 1707 2608 vna
1724 2545 1891 2609 carucata
1908 2535 2063 2632 Fingalk
2080 2561 2163 2609 cnm

711 2697 783 2744 vna
807 2681 975 2744 carucata
1000 2671 1199 2741 Dufrothni
1225 2695 1307 2742 cum
1335 2673 1450 2743 tribus
1476 2674 1651 2745 carucatis
1678 2671 1794 2744 Cleon
1819 2695 1901 2743 curn
1928 2674 2043 2744 tribus
2066 2695 2166 2745 carn-

711 2812 801 2882 catis
828 2808 906 2880 Liff
925 2831 1008 2879 cum
1025 2805 1086 2878 sex
1105 2809 1280 2878 carucatis
1307 2808 1447 2880 Grudin
1467 2835 1550 2880 cum
1577 2812 1702 2882 decem
1724 2811 1900 2882 carucatis
1925 2808 2164 2906 Inuergourin

713 2972 795 3020 cum
821 2948 938 3018 tribus
964 2947 1139 3018 carucatis
1165 2955 1202 3016 et
1224 2947 1383 3038 quinque
1413 2944 1612 3019 manfiones
1639 2950 1811 3019 domuum
1839 2971 1946 3020 vnum
1974 2950 2069 3042 apud
2094 2949 2167 3019 Ed-

712 3080 914 3178 ueuesburg
932 3092 970 3154 et
993 3107 1101 3154 vnam
1119 3083 1215 3175 apud
1233 3081 1407 3156 Striuelin
1426 3095 1464 3157 et
1483 3109 1591 3158 vnarn
1608 3088 1703 3180 apud
1721 3085 1983 3181 Inuerkethyin
2002 3096 2040 3158 et
2058 3109 2165 3158 vnam

713 3223 808 3316 apud
826 3219 940 3292 Perth
966 3231 1004 3292 at
1022 3244 1131 3292 vnam
1157 3221 1253 3314 apud
1270 3220 1445 3294 Aberdon
1464 3230 1502 3294 et
1528 3223 1817 3293 communionem
1847 3245 1939 3314 aque
1958 3224 2003 3292 de
2019 3220 2107 3293 Thei
2125 3230 2167 3292 ut

711 3364 750 3430 in
768 3383 811 3431 ea
834 3354 966 3451 poilint
990 3358 1116 3450 piscari
1142 3354 1234 3430 srcut
1255 3360 1301 3430 ad
1319 3385 1408 3454 opus
1425 3363 1519 3455 regis
1545 3369 1584 3431 et
1601 3383 1668 3431 can
1685 3361 1792 3430 unius
1817 3362 1918 3430 nauis
1936 3355 2009 3431 linc
2025 3361 2168 3452 proprie

714 3503 816 3572 nauis
842 3501 993 3569 fratrum
1018 3495 1093 3570 fiue
1117 3498 1215 3570 illius
1243 3522 1351 3591 quem
1378 3463 1637 3591 proloquentur
1663 3508 1701 3569 et
1723 3497 1958 3570 medietatem
1991 3499 2168 3569 coriorum

715 3640 759 3709 ad
786 3638 976 3729 coquinam
1001 3639 1095 3731 regis
1120 3637 1386 3731 pertinencium
1412 3645 1451 3708 et
1473 3658 1598 3708 omnes
1623 3634 1737 3729 pelles
1763 3637 1932 3707 arietinas
1958 3646 1996 3706 et
2022 3600 2170 3730 agninas

716 3786 754 3847 et
779 3776 1014 3847 medietatem
1040 3776 1139 3845 nudi
1161 3787 1200 3845 et
1217 3770 1398 3868 sagiminis
1421 3782 1459 3844 et
1485 3775 1661 3845 decimam
1686 3796 1821 3866 panum
1846 3774 1940 3867 regis
1966 3773 2172 3866 ubicunque

715 3914 825 3984 suerit
843 3937 865 3984 a
881 3915 1011 3983 nottho
1038 3914 1082 3983 de
1106 3912 1342 3984 Lambremor
1391 3910 1469 4007 Ego
1492 3909 1703 3983 Alexander
1728 3909 1799 3982 Dei
1824 3911 1941 4006 gratia
1966 3909 2048 3981 Rex
2067 3909 2171 3982 Scot-

715 4061 836 4131 torum
861 4053 1004 4144 propria
1021 4074 1130 4122 manu
1147 4075 1229 4123 mea
1245 4051 1313 4123 hee
1330 4051 1502 4123 confirmo
1520 4059 1558 4121 et
1576 4045 1689 4144 sigillo
1707 4071 1788 4120 mee
1808 4048 1984 4143 ymaginis
2001 4046 2069 4118 hec
2087 4071 2171 4118 con-

717 4185 816 4282 signo
833 4212 900 4282 ego
926 4187 1055 4260 Sibilla
1080 4187 1150 4260 Dei
1176 4191 1296 4284 gracia
1314 4190 1455 4284 Regina
1473 4186 1682 4259 Scottorum
1702 4187 1845 4280 propria
1870 4208 1980 4256 manu
2005 4207 2087 4255 mea
2103 4185 2171 4256 hec

718 4324 890 4395 confirmo
915 4349 982 4420 ego
1009 4326 1205 4421 Gregorius
1234 4324 1417 4421 episcopus
1443 4325 1656 4397 austeritate
1683 4325 1754 4396 Dei
1781 4333 1819 4396 et
1840 4323 2040 4396 feudorum
2059 4319 2172 4416 Apos-

718 4459 875 4532 tolorum
902 4461 1002 4533 Petri
1019 4471 1059 4534 et
1085 4463 1190 4534 Pauli
1211 4471 1250 4534 et
1271 4462 1380 4536 sandei
1407 4464 1556 4536 Andree
1582 4455 1746 4556 Apostoli
1772 4462 1920 4554 nequis
1945 4461 2014 4532 hec
2039 4459 2173 4531 violare

719 4595 900 4691 presumat
917 4596 982 4669 sub
999 4600 1231 4672 anathemate
1249 4600 1420 4673 confirmo
1441 4624 1510 4695 ego
1536 4599 1732 4673 Cormacus
1757 4598 1942 4694 episcopus
1959 4599 2174 4669 auctoritate
2206 4587 2208 4590 ’

720 4734 790 4807 Dei
809 4746 847 4807 et
864 4733 1063 4807 sandorum
1082 4735 1337 4830 Apostolorum
1357 4736 1457 4811 Petri
1475 4751 1513 4811 et
1531 4738 1636 4811 Pauli
1655 4748 1692 4810 et
1710 4737 1820 4810 sancti
1837 4734 1987 4808 Andree
2007 4729 2174 4828 Apostoli

719 4876 863 4966 nequis
887 4875 954 4946 hec
972 4873 1105 4946 violare
1129 4872 1308 4969 presumat
1334 4872 1400 4947 snb
1417 4877 1647 4949 anathemate
1673 4875 1844 4948 confirmo
1870 4897 1938 4970 ego
1963 4872 2176 4946 Alexander

720 5033 831 5102 nepos
856 5014 950 5106 regis
973 5011 1174 5084 Alexandri
1201 5015 1246 5084 de
1272 5013 1340 5085 hiis
1366 5013 1611 5087 testimonium
1637 5013 1809 5108 perhibeo
1834 5035 1902 5107 ego
1928 5007 2028 5085 Beth
2055 5033 2175 5083 comes
