<?xml version="1.0" encoding="UTF-8"?>
<!DOCTYPE html PUBLIC "-//W3C//DTD XHTML 1.0 Transitional//EN"
    "http://www.w3.org/TR/xhtml1/DTD/xhtml1-transitional.dtd">
<html xmlns="http://www.w3.org/1999/xhtml" xml:lang="en" lang="en">
 <head>
  <title>
</title>
<meta http-equiv="Content-Type" content="text/html;charset=utf-8" />
  <meta name='ocr-system' content='tesseract 3.04.00' />
  <meta name='ocr-capabilities' content='ocr_page ocr_carea ocr_par ocr_line ocrx_word'/>
</head>
<body>
  <div class='ocr_page' id='page_1' title='image "./liberecclesiede00abbegoog_0123.png"; bbox 0 0 4917 6509; ppageno 0'>
   <div class='ocr_carea' id='block_1_1' title="bbox 328 850 1786 953">
    <p class='ocr_par' dir='ltr' id='par_1_1' title="bbox 328 850 1786 953">
     <span class='ocr_line' id='line_1_1' title="bbox 328 850 1786 953; baseline 0.008 -32"><span class='ocrx_word' id='word_1_1' title='bbox 328 871 413 923; x_wconf 81' lang='lat' dir='ltr'>nnc.</span> <span class='ocrx_word' id='word_1_2' title='bbox 429 872 540 923; x_wconf 76' lang='lat' dir='ltr'>snex.</span> <span class='ocrx_word' id='word_1_3' title='bbox 561 872 601 921; x_wconf 90' lang='lat' dir='ltr'>u.</span> <span class='ocrx_word' id='word_1_4' title='bbox 737 851 774 923; x_wconf 88' lang='lat' dir='ltr'>S.</span> <span class='ocrx_word' id='word_1_5' title='bbox 801 850 1100 925; x_wconf 85' lang='lat' dir='ltr'>TRINITATIS</span> <span class='ocrx_word' id='word_1_6' title='bbox 1126 852 1198 953; x_wconf 81' lang='lat' dir='ltr'>DE</span> <span class='ocrx_word' id='word_1_7' title='bbox 1222 854 1369 926; x_wconf 85' lang='lat' dir='ltr'>SOON.</span> <span class='ocrx_word' id='word_1_8' title='bbox 1739 860 1786 933; x_wconf 85' lang='lat'>69</span> 
     </span>
    </p>
   </div>
   <div class='ocr_carea' id='block_1_2' title="bbox 327 1048 1787 3208">
    <p class='ocr_par' dir='ltr' id='par_1_2' title="bbox 327 1048 1787 2931">
     <span class='ocr_line' id='line_1_2' title="bbox 327 1048 1783 1146; baseline 0.006 -26"><span class='ocrx_word' id='word_1_9' title='bbox 327 1048 580 1123; x_wconf 88' lang='lat' dir='ltr'>monasterium</span> <span class='ocrx_word' id='word_1_10' title='bbox 599 1058 737 1123; x_wconf 88' lang='lat' dir='ltr'>temere</span> <span class='ocrx_word' id='word_1_11' title='bbox 762 1053 973 1146; x_wconf 89' lang='lat' dir='ltr'>perturbare</span> <span class='ocrx_word' id='word_1_12' title='bbox 990 1060 1053 1123; x_wconf 91' lang='lat' dir='ltr'>aut</span> <span class='ocrx_word' id='word_1_13' title='bbox 1071 1054 1148 1123; x_wconf 93' lang='lat' dir='ltr'>eius</span> <span class='ocrx_word' id='word_1_14' title='bbox 1167 1048 1391 1145; x_wconf 82' lang='lat' dir='ltr'>possessiones</span> <span class='ocrx_word' id='word_1_15' title='bbox 1408 1056 1550 1125; x_wconf 87' lang='lat' dir='ltr'>auferre</span> <span class='ocrx_word' id='word_1_16' title='bbox 1568 1055 1626 1126; x_wconf 87' lang='lat' dir='ltr'>vel</span> <span class='ocrx_word' id='word_1_17' title='bbox 1644 1056 1783 1129; x_wconf 87' lang='lat' dir='ltr'>ablatas</span> 
     </span>
     <span class='ocr_line' id='line_1_3' title="bbox 327 1186 1785 1289; baseline 0.005 -32"><span class='ocrx_word' id='word_1_18' title='bbox 327 1188 483 1259; x_wconf 91' lang='lat' dir='ltr'>retinere</span> <span class='ocrx_word' id='word_1_19' title='bbox 499 1191 662 1261; x_wconf 91' lang='lat' dir='ltr'>minuere</span> <span class='ocrx_word' id='word_1_20' title='bbox 679 1186 741 1261; x_wconf 95' lang='lat' dir='ltr'>seu</span> <span class='ocrx_word' id='word_1_21' title='bbox 759 1187 978 1282; x_wconf 91' lang='lat' dir='ltr'>quibussibet</span> <span class='ocrx_word' id='word_1_22' title='bbox 995 1190 1248 1261; x_wconf 89' lang='lat' dir='ltr'>vexationibus</span> <span class='ocrx_word' id='word_1_23' title='bbox 1266 1190 1417 1286; x_wconf 83' lang='lat' dir='ltr'>fatigare</span> <span class='ocrx_word' id='word_1_24' title='bbox 1434 1190 1487 1263; x_wconf 91' lang='lat' dir='ltr'>set</span> <span class='ocrx_word' id='word_1_25' title='bbox 1505 1194 1627 1264; x_wconf 88' lang='lat' dir='ltr'>omnia</span> <span class='ocrx_word' id='word_1_26' title='bbox 1642 1195 1785 1289; x_wconf 83' lang='lat' dir='ltr'>integra</span> 
     </span>
     <span class='ocr_line' id='line_1_4' title="bbox 328 1322 1785 1421; baseline 0.008 -28"><span class='ocrx_word' id='word_1_27' title='bbox 328 1322 583 1398; x_wconf 82' lang='lat' dir='ltr'>conserventur</span> <span class='ocrx_word' id='word_1_28' title='bbox 608 1350 732 1398; x_wconf 85' lang='lat' dir='ltr'>comm</span> <span class='ocrx_word' id='word_1_29' title='bbox 750 1349 815 1420; x_wconf 93' lang='lat' dir='ltr'>pro</span> <span class='ocrx_word' id='word_1_30' title='bbox 832 1349 984 1419; x_wconf 90' lang='lat' dir='ltr'>quorum</span> <span class='ocrx_word' id='word_1_31' title='bbox 1009 1326 1271 1421; x_wconf 82' lang='lat' dir='ltr'>gubernatione</span> <span class='ocrx_word' id='word_1_32' title='bbox 1288 1351 1330 1398; x_wconf 90' lang='lat' dir='ltr'>ac</span> <span class='ocrx_word' id='word_1_33' title='bbox 1347 1325 1607 1402; x_wconf 87' lang='lat' dir='ltr'>sustentatione</span> <span class='ocrx_word' id='word_1_34' title='bbox 1624 1330 1785 1404; x_wconf 86' lang='lat' dir='ltr'>concessa</span> 
     </span>
     <span class='ocr_line' id='line_1_5' title="bbox 328 1458 1783 1557; baseline 0.007 -27"><span class='ocrx_word' id='word_1_35' title='bbox 328 1458 410 1532; x_wconf 92' lang='lat' dir='ltr'>sunt</span> <span class='ocrx_word' id='word_1_36' title='bbox 427 1460 548 1535; x_wconf 77' lang='lat' dir='ltr'>usibus</span> <span class='ocrx_word' id='word_1_37' title='bbox 572 1464 788 1535; x_wconf 86' lang='lat' dir='ltr'>omnimodis</span> <span class='ocrx_word' id='word_1_38' title='bbox 813 1464 1001 1557; x_wconf 88' lang='lat' dir='ltr'>profutura</span> <span class='ocrx_word' id='word_1_39' title='bbox 1051 1462 1160 1535; x_wconf 85' lang='lat' dir='ltr'>Salva</span> <span class='ocrx_word' id='word_1_40' title='bbox 1177 1461 1269 1535; x_wconf 91' lang='lat' dir='ltr'>sedis</span> <span class='ocrx_word' id='word_1_41' title='bbox 1295 1462 1489 1557; x_wconf 89' lang='lat' dir='ltr'>apostolice</span> <span class='ocrx_word' id='word_1_42' title='bbox 1510 1470 1727 1541; x_wconf 75' lang='lat' dir='ltr'>auctoritate</span> <span class='ocrx_word' id='word_1_43' title='bbox 1745 1482 1783 1542; x_wconf 90' lang='lat' dir='ltr'>et</span> 
     </span>
     <span class='ocr_line' id='line_1_6' title="bbox 329 1597 1786 1701; baseline 0.004 -30"><span class='ocrx_word' id='word_1_44' title='bbox 329 1599 515 1701; x_wconf 78' lang='lat' dir='ltr'>dyocesani</span> <span class='ocrx_word' id='word_1_45' title='bbox 533 1598 688 1695; x_wconf 86' lang='lat' dir='ltr'>episcopi</span> <span class='ocrx_word' id='word_1_46' title='bbox 703 1602 874 1673; x_wconf 87' lang='lat' dir='ltr'>canonica</span> <span class='ocrx_word' id='word_1_47' title='bbox 884 1597 1026 1694; x_wconf 85' lang='lat' dir='ltr'>justitia</span> <span class='ocrx_word' id='word_1_48' title='bbox 1061 1598 1101 1671; x_wconf 88' lang='lat' dir='ltr'>Si</span> <span class='ocrx_word' id='word_1_49' title='bbox 1115 1624 1186 1691; x_wconf 92' lang='lat' dir='ltr'>qua</span> <span class='ocrx_word' id='word_1_50' title='bbox 1194 1601 1309 1694; x_wconf 85' lang='lat' dir='ltr'>igitur</span> <span class='ocrx_word' id='word_1_51' title='bbox 1322 1602 1359 1670; x_wconf 93' lang='lat' dir='ltr'>in</span> <span class='ocrx_word' id='word_1_52' title='bbox 1373 1602 1536 1673; x_wconf 85' lang='lat' dir='ltr'>futurum</span> <span class='ocrx_word' id='word_1_53' title='bbox 1548 1601 1786 1679; x_wconf 85' lang='lat' dir='ltr'>ecclesiastica</span> 
     </span>
     <span class='ocr_line' id='line_1_7' title="bbox 329 1733 1784 1832; baseline 0.005 -25"><span class='ocrx_word' id='word_1_54' title='bbox 329 1733 539 1811; x_wconf 86' lang='lat' dir='ltr'>secularisue</span> <span class='ocrx_word' id='word_1_55' title='bbox 557 1737 707 1832; x_wconf 87' lang='lat' dir='ltr'>persona</span> <span class='ocrx_word' id='word_1_56' title='bbox 723 1740 816 1811; x_wconf 86' lang='lat' dir='ltr'>hanc</span> <span class='ocrx_word' id='word_1_57' title='bbox 829 1735 950 1807; x_wconf 91' lang='lat' dir='ltr'>nostre</span> <span class='ocrx_word' id='word_1_58' title='bbox 963 1733 1231 1808; x_wconf 90' lang='lat' dir='ltr'>constitutionis</span> <span class='ocrx_word' id='word_1_59' title='bbox 1248 1739 1415 1832; x_wconf 86' lang='lat' dir='ltr'>pagiuam</span> <span class='ocrx_word' id='word_1_60' title='bbox 1429 1737 1542 1812; x_wconf 86' lang='lat' dir='ltr'>sciens</span> <span class='ocrx_word' id='word_1_61' title='bbox 1560 1753 1688 1815; x_wconf 89' lang='lat' dir='ltr'>contra</span> <span class='ocrx_word' id='word_1_62' title='bbox 1704 1767 1784 1815; x_wconf 87' lang='lat' dir='ltr'>eam</span> 
     </span>
     <span class='ocr_line' id='line_1_8' title="bbox 330 1871 1785 1968; baseline 0.004 -25"><span class='ocrx_word' id='word_1_63' title='bbox 330 1884 468 1947; x_wconf 89' lang='lat' dir='ltr'>temere</span> <span class='ocrx_word' id='word_1_64' title='bbox 485 1877 608 1947; x_wconf 88' lang='lat' dir='ltr'>venire</span> <span class='ocrx_word' id='word_1_65' title='bbox 633 1877 867 1968; x_wconf 88' lang='lat' dir='ltr'>temptaverit</span> <span class='ocrx_word' id='word_1_66' title='bbox 885 1871 1040 1945; x_wconf 88' lang='lat' dir='ltr'>secundo</span> <span class='ocrx_word' id='word_1_67' title='bbox 1057 1875 1214 1944; x_wconf 91' lang='lat' dir='ltr'>tertioue</span> <span class='ocrx_word' id='word_1_68' title='bbox 1232 1876 1414 1947; x_wconf 90' lang='lat' dir='ltr'>comonita</span> <span class='ocrx_word' id='word_1_69' title='bbox 1431 1872 1496 1947; x_wconf 90' lang='lat' dir='ltr'>nifi</span> <span class='ocrx_word' id='word_1_70' title='bbox 1514 1889 1657 1949; x_wconf 88' lang='lat' dir='ltr'>reatum</span> <span class='ocrx_word' id='word_1_71' title='bbox 1682 1876 1785 1951; x_wconf 90' lang='lat' dir='ltr'>suum</span> 
     </span>
     <span class='ocr_line' id='line_1_9' title="bbox 329 2000 1785 2111; baseline 0.004 -28"><span class='ocrx_word' id='word_1_72' title='bbox 329 2036 487 2107; x_wconf 83' lang='lat' dir='ltr'>congrua</span> <span class='ocrx_word' id='word_1_73' title='bbox 499 2011 733 2085; x_wconf 65' lang='lat' dir='ltr'>satisfactione</span> <span class='ocrx_word' id='word_1_74' title='bbox 746 2013 942 2084; x_wconf 86' lang='lat' dir='ltr'>correxerit</span> <span class='ocrx_word' id='word_1_75' title='bbox 959 2000 1146 2104; x_wconf 86' lang='lat' dir='ltr'>potestatis</span> <span class='ocrx_word' id='word_1_76' title='bbox 1163 2010 1378 2105; x_wconf 88' lang='lat' dir='ltr'>honorisque</span> <span class='ocrx_word' id='word_1_77' title='bbox 1395 2010 1448 2084; x_wconf 93' lang='lat' dir='ltr'>sui</span> <span class='ocrx_word' id='word_1_78' title='bbox 1467 2027 1588 2087; x_wconf 89' lang='lat' dir='ltr'>eareat</span> <span class='ocrx_word' id='word_1_79' title='bbox 1606 2017 1785 2111; x_wconf 82' lang='lat' dir='ltr'>dignitate</span> 
     </span>
     <span class='ocr_line' id='line_1_10' title="bbox 330 2144 1787 2249; baseline 0.005 -29"><span class='ocrx_word' id='word_1_80' title='bbox 330 2174 500 2243; x_wconf 86' lang='lat' dir='ltr'>reamque</span> <span class='ocrx_word' id='word_1_81' title='bbox 517 2149 553 2222; x_wconf 92' lang='lat' dir='ltr'>se</span> <span class='ocrx_word' id='word_1_82' title='bbox 570 2152 691 2221; x_wconf 89' lang='lat' dir='ltr'>divino</span> <span class='ocrx_word' id='word_1_83' title='bbox 702 2150 841 2244; x_wconf 91' lang='lat' dir='ltr'>judicio</span> <span class='ocrx_word' id='word_1_84' title='bbox 858 2144 1012 2220; x_wconf 87' lang='lat' dir='ltr'>existere</span> <span class='ocrx_word' id='word_1_85' title='bbox 1031 2149 1076 2219; x_wconf 91' lang='lat' dir='ltr'>de</span> <span class='ocrx_word' id='word_1_86' title='bbox 1093 2158 1303 2242; x_wconf 88' lang='lat' dir='ltr'>perpetrata</span> <span class='ocrx_word' id='word_1_87' title='bbox 1320 2151 1513 2242; x_wconf 87' lang='lat' dir='ltr'>iniquitate</span> <span class='ocrx_word' id='word_1_88' title='bbox 1538 2153 1729 2249; x_wconf 81' lang='lat' dir='ltr'>cognoscat</span> <span class='ocrx_word' id='word_1_89' title='bbox 1747 2167 1787 2228; x_wconf 90' lang='lat' dir='ltr'>et</span> 
     </span>
     <span class='ocr_line' id='line_1_11' title="bbox 330 2283 1787 2383; baseline 0.003 -24"><span class='ocrx_word' id='word_1_90' title='bbox 330 2312 351 2359; x_wconf 92' lang='lat' dir='ltr'>a</span> <span class='ocrx_word' id='word_1_91' title='bbox 378 2283 606 2359; x_wconf 87' lang='lat' dir='ltr'>sacratiffimo</span> <span class='ocrx_word' id='word_1_92' title='bbox 636 2308 783 2379; x_wconf 88' lang='lat' dir='ltr'>corpore</span> <span class='ocrx_word' id='word_1_93' title='bbox 810 2310 852 2357; x_wconf 90' lang='lat' dir='ltr'>ac</span> <span class='ocrx_word' id='word_1_94' title='bbox 881 2283 1053 2379; x_wconf 80' lang='lat' dir='ltr'>sanguine</span> <span class='ocrx_word' id='word_1_95' title='bbox 1086 2285 1210 2356; x_wconf 88' lang='lat' dir='ltr'>delet</span> <span class='ocrx_word' id='word_1_96' title='bbox 1238 2285 1375 2358; x_wconf 91' lang='lat' dir='ltr'>domini</span> <span class='ocrx_word' id='word_1_97' title='bbox 1409 2291 1647 2383; x_wconf 81' lang='lat' dir='ltr'>redemptoris</span> <span class='ocrx_word' id='word_1_98' title='bbox 1677 2290 1787 2363; x_wconf 89' lang='lat' dir='ltr'>nostri</span> 
     </span>
     <span class='ocr_line' id='line_1_12' title="bbox 329 2420 1787 2523; baseline 0.003 -27"><span class='ocrx_word' id='word_1_99' title='bbox 329 2421 465 2496; x_wconf 88' lang='lat' dir='ltr'>Jehesu</span> <span class='ocrx_word' id='word_1_100' title='bbox 481 2420 612 2497; x_wconf 90' lang='lat' dir='ltr'>Christi</span> <span class='ocrx_word' id='word_1_101' title='bbox 636 2424 834 2496; x_wconf 89' lang='lat' dir='ltr'>alienafiat</span> <span class='ocrx_word' id='word_1_102' title='bbox 853 2432 964 2515; x_wconf 87' lang='lat' dir='ltr'>atque</span> <span class='ocrx_word' id='word_1_103' title='bbox 987 2424 1024 2491; x_wconf 90' lang='lat' dir='ltr'>iu</span> <span class='ocrx_word' id='word_1_104' title='bbox 1049 2428 1213 2493; x_wconf 85' lang='lat' dir='ltr'>extremo</span> <span class='ocrx_word' id='word_1_105' title='bbox 1237 2425 1405 2495; x_wconf 86' lang='lat' dir='ltr'>examine</span> <span class='ocrx_word' id='word_1_106' title='bbox 1431 2422 1589 2497; x_wconf 76' lang='lat' dir='ltr'>cistriae</span> <span class='ocrx_word' id='word_1_107' title='bbox 1615 2426 1787 2523; x_wconf 87' lang='lat' dir='ltr'>subjaciat</span> 
     </span>
     <span class='ocr_line' id='line_1_13' title="bbox 331 2556 1787 2655; baseline 0.003 -22"><span class='ocrx_word' id='word_1_108' title='bbox 331 2563 461 2635; x_wconf 89' lang='lat' dir='ltr'>ultioni</span> <span class='ocrx_word' id='word_1_109' title='bbox 472 2562 754 2635; x_wconf 66' lang='lat' dir='ltr'>candicantem</span> <span class='ocrx_word' id='word_1_110' title='bbox 766 2562 884 2633; x_wconf 90' lang='lat' dir='ltr'>eidem</span> <span class='ocrx_word' id='word_1_111' title='bbox 897 2556 1051 2632; x_wconf 86' lang='lat' dir='ltr'>locosua</span> <span class='ocrx_word' id='word_1_112' title='bbox 1061 2562 1146 2653; x_wconf 91' lang='lat' dir='ltr'>jura</span> <span class='ocrx_word' id='word_1_113' title='bbox 1155 2556 1379 2632; x_wconf 83' lang='lat' dir='ltr'>servantibus</span> <span class='ocrx_word' id='word_1_114' title='bbox 1389 2557 1433 2631; x_wconf 88' lang='lat' dir='ltr'>fit</span> <span class='ocrx_word' id='word_1_115' title='bbox 1443 2585 1515 2655; x_wconf 86' lang='lat' dir='ltr'>pax</span> <span class='ocrx_word' id='word_1_116' title='bbox 1529 2563 1665 2637; x_wconf 92' lang='lat' dir='ltr'>domini</span> <span class='ocrx_word' id='word_1_117' title='bbox 1677 2560 1787 2638; x_wconf 86' lang='lat' dir='ltr'>nostri</span> 
     </span>
     <span class='ocr_line' id='line_1_14' title="bbox 331 2696 1787 2797; baseline 0.003 -26"><span class='ocrx_word' id='word_1_118' title='bbox 331 2700 355 2771; x_wconf 94' lang='lat' dir='ltr'>J</span> <span class='ocrx_word' id='word_1_119' title='bbox 357 2698 464 2772; x_wconf 89' lang='lat' dir='ltr'>ehesu</span> <span class='ocrx_word' id='word_1_120' title='bbox 482 2696 614 2772; x_wconf 89' lang='lat' dir='ltr'>Christi</span> <span class='ocrx_word' id='word_1_121' title='bbox 637 2701 807 2793; x_wconf 83' lang='lat' dir='ltr'>quatinus</span> <span class='ocrx_word' id='word_1_122' title='bbox 824 2708 862 2769; x_wconf 89' lang='lat' dir='ltr'>et</span> <span class='ocrx_word' id='word_1_123' title='bbox 879 2699 939 2770; x_wconf 91' lang='lat' dir='ltr'>hic</span> <span class='ocrx_word' id='word_1_124' title='bbox 956 2698 1112 2769; x_wconf 71' lang='lat' dir='ltr'>frustum</span> <span class='ocrx_word' id='word_1_125' title='bbox 1129 2698 1225 2768; x_wconf 88' lang='lat' dir='ltr'>bone</span> <span class='ocrx_word' id='word_1_126' title='bbox 1243 2699 1391 2769; x_wconf 70' lang='lat' dir='ltr'>actionis</span> <span class='ocrx_word' id='word_1_127' title='bbox 1418 2702 1618 2794; x_wconf 82' lang='lat' dir='ltr'>percipiant</span> <span class='ocrx_word' id='word_1_128' title='bbox 1635 2716 1675 2773; x_wconf 88' lang='lat' dir='ltr'>et</span> <span class='ocrx_word' id='word_1_129' title='bbox 1690 2706 1787 2797; x_wconf 90' lang='lat' dir='ltr'>apud</span> 
     </span>
     <span class='ocr_line' id='line_1_15' title="bbox 331 2834 1786 2931; baseline 0.003 -22"><span class='ocrx_word' id='word_1_130' title='bbox 331 2834 527 2909; x_wconf 71' lang='lat' dir='ltr'>distridcum</span> <span class='ocrx_word' id='word_1_131' title='bbox 545 2838 570 2909; x_wconf 90' lang='lat' dir='ltr'>J</span> <span class='ocrx_word' id='word_1_132' title='bbox 572 2838 715 2911; x_wconf 89' lang='lat' dir='ltr'>udicem</span> <span class='ocrx_word' id='word_1_133' title='bbox 731 2837 869 2931; x_wconf 87' lang='lat' dir='ltr'>premia</span> <span class='ocrx_word' id='word_1_134' title='bbox 885 2843 1011 2906; x_wconf 88' lang='lat' dir='ltr'>eterne</span> <span class='ocrx_word' id='word_1_135' title='bbox 1028 2837 1127 2928; x_wconf 87' lang='lat' dir='ltr'>pacis</span> <span class='ocrx_word' id='word_1_136' title='bbox 1144 2836 1331 2907; x_wconf 92' lang='lat' dir='ltr'>inveniant</span> <span class='ocrx_word' id='word_1_137' title='bbox 1383 2836 1505 2909; x_wconf 88' lang='lat' dir='ltr'>Amen</span> <span class='ocrx_word' id='word_1_138' title='bbox 1523 2838 1646 2911; x_wconf 85' lang='lat' dir='ltr'>Amen</span> <span class='ocrx_word' id='word_1_139' title='bbox 1664 2840 1786 2915; x_wconf 86' lang='lat' dir='ltr'>Amen</span> 
     </span>
    </p>

    <p class='ocr_par' dir='ltr' id='par_1_3' title="bbox 382 2968 1249 3072">
     <span class='ocr_line' id='line_1_16' title="bbox 382 2968 1249 3072; baseline -0.005 -25"><span class='ocrx_word' id='word_1_140' title='bbox 382 2974 460 3072; x_wconf 79' lang='lat' dir='ltr'>Ego</span> <span class='ocrx_word' id='word_1_141' title='bbox 479 2976 663 3047; x_wconf 90' lang='lat' dir='ltr'>Honorius</span> <span class='ocrx_word' id='word_1_142' title='bbox 681 2974 858 3047; x_wconf 88' lang='lat' dir='ltr'>catholice</span> <span class='ocrx_word' id='word_1_143' title='bbox 876 2969 1026 3044; x_wconf 78' lang='lat' dir='ltr'>ecclesie</span> <span class='ocrx_word' id='word_1_144' title='bbox 1040 2968 1249 3065; x_wconf 88' lang='lat' dir='ltr'>Episcopus.</span> 
     </span>
    </p>

    <p class='ocr_par' dir='ltr' id='par_1_4' title="bbox 380 3106 1616 3208">
     <span class='ocr_line' id='line_1_17' title="bbox 380 3106 1616 3208; baseline -0.001 -23"><span class='ocrx_word' id='word_1_145' title='bbox 380 3114 459 3208; x_wconf 85' lang='lat' dir='ltr'>Ego</span> <span class='ocrx_word' id='word_1_146' title='bbox 478 3113 597 3185; x_wconf 89' lang='lat' dir='ltr'>Guala</span> <span class='ocrx_word' id='word_1_147' title='bbox 614 3114 736 3184; x_wconf 75' lang='lat' dir='ltr'>Santti</span> <span class='ocrx_word' id='word_1_148' title='bbox 756 3111 909 3187; x_wconf 91' lang='lat' dir='ltr'>Martini</span> <span class='ocrx_word' id='word_1_149' title='bbox 926 3106 1103 3203; x_wconf 89' lang='lat' dir='ltr'>presbiter</span> <span class='ocrx_word' id='word_1_150' title='bbox 1119 3108 1320 3181; x_wconf 83' lang='lat' dir='ltr'>Cardinalis</span> <span class='ocrx_word' id='word_1_151' title='bbox 1336 3109 1460 3182; x_wconf 83' lang='lat' dir='ltr'>Titulo</span> <span class='ocrx_word' id='word_1_152' title='bbox 1477 3114 1616 3207; x_wconf 90' lang='lat' dir='ltr'>equirij.</span> 
     </span>
    </p>
   </div>
   <div class='ocr_carea' id='block_1_3' title="bbox 381 3230 1834 3487">
    <p class='ocr_par' dir='ltr' id='par_1_5' title="bbox 381 3230 1834 3487">
     <span class='ocr_line' id='line_1_18' title="bbox 382 3230 1834 3346; baseline 0.002 -25"><span class='ocrx_word' id='word_1_153' title='bbox 382 3250 460 3346; x_wconf 86' lang='lat' dir='ltr'>Ego</span> <span class='ocrx_word' id='word_1_154' title='bbox 480 3250 687 3345; x_wconf 86' lang='lat' dir='ltr'>Stephanus</span> <span class='ocrx_word' id='word_1_155' title='bbox 704 3247 848 3322; x_wconf 81' lang='lat' dir='ltr'>basilice</span> <span class='ocrx_word' id='word_1_156' title='bbox 866 3248 1059 3319; x_wconf 92' lang='lat' dir='ltr'>duodecim</span> <span class='ocrx_word' id='word_1_157' title='bbox 1076 3242 1317 3341; x_wconf 88' lang='lat' dir='ltr'>apostolorum</span> <span class='ocrx_word' id='word_1_158' title='bbox 1336 3246 1510 3342; x_wconf 85' lang='lat' dir='ltr'>presbiter</span> <span class='ocrx_word' id='word_1_159' title='bbox 1526 3252 1727 3323; x_wconf 87' lang='lat' dir='ltr'>cardinalis.</span> <span class='ocrx_word' id='word_1_160' title='bbox 1824 3230 1834 3246; x_wconf 45' lang='lat'>⁸</span> 
     </span>
     <span class='ocr_line' id='line_1_19' title="bbox 381 3381 1486 3487; baseline -0.004 -26"><span class='ocrx_word' id='word_1_161' title='bbox 381 3390 460 3487; x_wconf 83' lang='lat' dir='ltr'>Ego</span> <span class='ocrx_word' id='word_1_162' title='bbox 477 3390 633 3461; x_wconf 84' lang='lat' dir='ltr'>Thomas</span> <span class='ocrx_word' id='word_1_163' title='bbox 650 3388 773 3460; x_wconf 92' lang='lat' dir='ltr'>Titulo</span> <span class='ocrx_word' id='word_1_164' title='bbox 791 3386 923 3459; x_wconf 77' lang='lat' dir='ltr'>Sancte</span> <span class='ocrx_word' id='word_1_165' title='bbox 942 3384 1076 3457; x_wconf 87' lang='lat' dir='ltr'>Sabine</span> <span class='ocrx_word' id='word_1_166' title='bbox 1093 3381 1269 3478; x_wconf 85' lang='lat' dir='ltr'>presbiter</span> <span class='ocrx_word' id='word_1_167' title='bbox 1286 3386 1486 3457; x_wconf 89' lang='lat' dir='ltr'>cardinalis.</span> 
     </span>
    </p>
   </div>
   <div class='ocr_carea' id='block_1_4' title="bbox 334 3519 1789 4849">
    <p class='ocr_par' dir='ltr' id='par_1_6' title="bbox 382 3519 1314 3623">
     <span class='ocr_line' id='line_1_20' title="bbox 382 3519 1314 3623; baseline -0.006 -24"><span class='ocrx_word' id='word_1_168' title='bbox 382 3528 461 3623; x_wconf 82' lang='lat' dir='ltr'>Ego</span> <span class='ocrx_word' id='word_1_169' title='bbox 479 3527 590 3621; x_wconf 88' lang='lat' dir='ltr'>Hugo</span> <span class='ocrx_word' id='word_1_170' title='bbox 607 3521 791 3597; x_wconf 80' lang='lat' dir='ltr'>hostiensis</span> <span class='ocrx_word' id='word_1_171' title='bbox 808 3531 847 3595; x_wconf 91' lang='lat' dir='ltr'>et</span> <span class='ocrx_word' id='word_1_172' title='bbox 865 3520 1088 3595; x_wconf 84' lang='lat' dir='ltr'>velletrensis</span> <span class='ocrx_word' id='word_1_173' title='bbox 1106 3519 1314 3616; x_wconf 89' lang='lat' dir='ltr'>Episcopus.</span> 
     </span>
    </p>

    <p class='ocr_par' dir='ltr' id='par_1_7' title="bbox 382 3656 1479 3760">
     <span class='ocr_line' id='line_1_21' title="bbox 382 3656 1479 3760; baseline -0.005 -24"><span class='ocrx_word' id='word_1_174' title='bbox 382 3664 461 3760; x_wconf 85' lang='lat' dir='ltr'>Ego</span> <span class='ocrx_word' id='word_1_175' title='bbox 479 3664 666 3735; x_wconf 85' lang='lat' dir='ltr'>Conradus</span> <span class='ocrx_word' id='word_1_176' title='bbox 683 3656 883 3755; x_wconf 83' lang='lat' dir='ltr'>portuensis</span> <span class='ocrx_word' id='word_1_177' title='bbox 901 3666 939 3730; x_wconf 90' lang='lat' dir='ltr'>et</span> <span class='ocrx_word' id='word_1_178' title='bbox 958 3658 1089 3730; x_wconf 75' lang='lat' dir='ltr'>Sancte</span> <span class='ocrx_word' id='word_1_179' title='bbox 1107 3658 1253 3729; x_wconf 88' lang='lat' dir='ltr'>Ruffine</span> <span class='ocrx_word' id='word_1_180' title='bbox 1272 3657 1479 3753; x_wconf 83' lang='lat' dir='ltr'>Episcopus.</span> 
     </span>
    </p>

    <p class='ocr_par' dir='ltr' id='par_1_8' title="bbox 383 3792 1102 3893">
     <span class='ocr_line' id='line_1_22' title="bbox 383 3792 1102 3893; baseline -0.003 -24"><span class='ocrx_word' id='word_1_181' title='bbox 383 3796 462 3893; x_wconf 87' lang='lat' dir='ltr'>Ego</span> <span class='ocrx_word' id='word_1_182' title='bbox 479 3798 610 3891; x_wconf 85' lang='lat' dir='ltr'>Guydo</span> <span class='ocrx_word' id='word_1_183' title='bbox 628 3792 878 3890; x_wconf 87' lang='lat' dir='ltr'>prenestiensrs</span> <span class='ocrx_word' id='word_1_184' title='bbox 895 3794 1102 3891; x_wconf 92' lang='lat' dir='ltr'>Episcopus.</span> 
     </span>
    </p>

    <p class='ocr_par' dir='ltr' id='par_1_9' title="bbox 384 3932 1553 4031">
     <span class='ocr_line' id='line_1_23' title="bbox 384 3932 1553 4031; baseline -0.001 -23"><span class='ocrx_word' id='word_1_185' title='bbox 384 3934 462 4031; x_wconf 81' lang='lat' dir='ltr'>Ego</span> <span class='ocrx_word' id='word_1_186' title='bbox 481 3932 553 4007; x_wconf 80' lang='lat' dir='ltr'>Oct</span> <span class='ocrx_word' id='word_1_187' title='bbox 571 3934 785 4005; x_wconf 78' lang='lat' dir='ltr'>Sanctorum</span> <span class='ocrx_word' id='word_1_188' title='bbox 803 3932 918 4029; x_wconf 84' lang='lat' dir='ltr'>Sergij</span> <span class='ocrx_word' id='word_1_189' title='bbox 938 3946 976 4005; x_wconf 90' lang='lat' dir='ltr'>et</span> <span class='ocrx_word' id='word_1_190' title='bbox 994 3932 1129 4005; x_wconf 84' lang='lat' dir='ltr'>Bacchi</span> <span class='ocrx_word' id='word_1_191' title='bbox 1148 3932 1334 4005; x_wconf 88' lang='lat' dir='ltr'>Diaconus</span> <span class='ocrx_word' id='word_1_192' title='bbox 1352 3936 1553 4007; x_wconf 85' lang='lat' dir='ltr'>cardinalis.</span> 
     </span>
    </p>

    <p class='ocr_par' dir='ltr' id='par_1_10' title="bbox 385 4068 1650 4169">
     <span class='ocr_line' id='line_1_24' title="bbox 385 4068 1650 4169; baseline 0.001 -26"><span class='ocrx_word' id='word_1_193' title='bbox 385 4070 464 4169; x_wconf 84' lang='lat' dir='ltr'>Ego</span> <span class='ocrx_word' id='word_1_194' title='bbox 482 4072 683 4166; x_wconf 88' lang='lat' dir='ltr'>Raynerius</span> <span class='ocrx_word' id='word_1_195' title='bbox 701 4068 833 4141; x_wconf 76' lang='lat' dir='ltr'>sanae</span> <span class='ocrx_word' id='word_1_196' title='bbox 853 4068 972 4141; x_wconf 87' lang='lat' dir='ltr'>Marie</span> <span class='ocrx_word' id='word_1_197' title='bbox 990 4070 1027 4141; x_wconf 94' lang='lat' dir='ltr'>in</span> <span class='ocrx_word' id='word_1_198' title='bbox 1045 4068 1228 4141; x_wconf 87' lang='lat' dir='ltr'>Cosmidiu</span> <span class='ocrx_word' id='word_1_199' title='bbox 1248 4069 1432 4142; x_wconf 88' lang='lat' dir='ltr'>Diaconus</span> <span class='ocrx_word' id='word_1_200' title='bbox 1450 4073 1650 4144; x_wconf 86' lang='lat' dir='ltr'>cardinalis.</span> 
     </span>
    </p>

    <p class='ocr_par' dir='ltr' id='par_1_11' title="bbox 334 4206 1789 4849">
     <span class='ocr_line' id='line_1_25' title="bbox 385 4206 1422 4305; baseline -0.004 -24"><span class='ocrx_word' id='word_1_201' title='bbox 385 4210 463 4305; x_wconf 83' lang='lat' dir='ltr'>Ego</span> <span class='ocrx_word' id='word_1_202' title='bbox 481 4209 688 4303; x_wconf 88' lang='lat' dir='ltr'>Stephanus</span> <span class='ocrx_word' id='word_1_203' title='bbox 706 4207 828 4281; x_wconf 76' lang='lat' dir='ltr'>sanai</span> <span class='ocrx_word' id='word_1_204' title='bbox 846 4206 999 4280; x_wconf 87' lang='lat' dir='ltr'>Adriani</span> <span class='ocrx_word' id='word_1_205' title='bbox 1018 4207 1202 4279; x_wconf 86' lang='lat' dir='ltr'>Diaconus</span> <span class='ocrx_word' id='word_1_206' title='bbox 1220 4207 1422 4279; x_wconf 87' lang='lat' dir='ltr'>cardinalis.</span> 
     </span>
     <span class='ocr_line' id='line_1_26' title="bbox 334 4338 1789 4438; baseline 0.002 -21"><span class='ocrx_word' id='word_1_207' title='bbox 334 4346 472 4419; x_wconf 89' lang='lat' dir='ltr'>Datum</span> <span class='ocrx_word' id='word_1_208' title='bbox 486 4345 653 4417; x_wconf 85' lang='lat' dir='ltr'>Lateran.</span> <span class='ocrx_word' id='word_1_209' title='bbox 667 4366 731 4437; x_wconf 93' lang='lat' dir='ltr'>per</span> <span class='ocrx_word' id='word_1_210' title='bbox 744 4366 892 4414; x_wconf 91' lang='lat' dir='ltr'>manum</span> <span class='ocrx_word' id='word_1_211' title='bbox 906 4338 1065 4438; x_wconf 84' lang='lat' dir='ltr'>magistri</span> <span class='ocrx_word' id='word_1_212' title='bbox 1100 4342 1288 4435; x_wconf 83' lang='lat' dir='ltr'>Simbaldy</span> <span class='ocrx_word' id='word_1_213' title='bbox 1298 4344 1472 4414; x_wconf 88' lang='lat' dir='ltr'>auditoris</span> <span class='ocrx_word' id='word_1_214' title='bbox 1485 4344 1689 4418; x_wconf 89' lang='lat' dir='ltr'>litterarum</span> <span class='ocrx_word' id='word_1_215' title='bbox 1704 4373 1789 4420; x_wconf 90' lang='lat' dir='ltr'>con·</span> 
     </span>
     <span class='ocr_line' id='line_1_27' title="bbox 334 4478 1788 4573; baseline 0 -16"><span class='ocrx_word' id='word_1_216' title='bbox 334 4485 565 4557; x_wconf 70' lang='lat' dir='ltr'>tradiderum</span> <span class='ocrx_word' id='word_1_217' title='bbox 582 4481 717 4553; x_wconf 92' lang='lat' dir='ltr'>domini</span> <span class='ocrx_word' id='word_1_218' title='bbox 744 4502 836 4573; x_wconf 91' lang='lat' dir='ltr'>pape</span> <span class='ocrx_word' id='word_1_219' title='bbox 853 4481 931 4551; x_wconf 85' lang='lat' dir='ltr'>xvi⁰</span> <span class='ocrx_word' id='word_1_220' title='bbox 946 4479 998 4551; x_wconf 90' lang='lat' dir='ltr'>kl.</span> <span class='ocrx_word' id='word_1_221' title='bbox 1016 4478 1041 4549; x_wconf 90' lang='lat' dir='ltr'>J</span> <span class='ocrx_word' id='word_1_222' title='bbox 1043 4480 1178 4572; x_wconf 89' lang='lat' dir='ltr'>anuarij</span> <span class='ocrx_word' id='word_1_223' title='bbox 1197 4478 1393 4551; x_wconf 81' lang='lat' dir='ltr'>indittioue</span> <span class='ocrx_word' id='word_1_224' title='bbox 1410 4479 1479 4552; x_wconf 72' lang='lat' dir='ltr'>xv‘</span> <span class='ocrx_word' id='word_1_225' title='bbox 1526 4480 1788 4559; x_wconf 86' lang='lat' dir='ltr'>lucarnationis</span> 
     </span>
     <span class='ocr_line' id='line_1_28' title="bbox 335 4610 1787 4699; baseline 0.003 -7"><span class='ocrx_word' id='word_1_226' title='bbox 335 4621 515 4693; x_wconf 91' lang='lat' dir='ltr'>dominice</span> <span class='ocrx_word' id='word_1_227' title='bbox 540 4618 651 4691; x_wconf 89' lang='lat' dir='ltr'>Anno</span> <span class='ocrx_word' id='word_1_228' title='bbox 676 4619 736 4699; x_wconf 64' lang='grc' dir='ltr'>(ὈΟ</span> <span class='ocrx_word' id='word_1_229' title='bbox 836 4614 893 4689; x_wconf 92' lang='lat' dir='ltr'>cc⁰</span> <span class='ocrx_word' id='word_1_230' title='bbox 1026 4610 1193 4687; x_wconf 83' lang='lat' dir='ltr'>vicesimo</span> <span class='ocrx_word' id='word_1_231' title='bbox 1220 4613 1337 4687; x_wconf 79' lang='lat' dir='ltr'>sexto</span> <span class='ocrx_word' id='word_1_232' title='bbox 1440 4616 1679 4695; x_wconf 79' lang='lat' dir='ltr'>Pontificatus</span> <span class='ocrx_word' id='word_1_233' title='bbox 1703 4646 1787 4696; x_wconf 88' lang='lat' dir='ltr'>vero</span> 
     </span>
     <span class='ocr_line' id='line_1_29' title="bbox 336 4750 1225 4849; baseline -0.008 -18"><span class='ocrx_word' id='word_1_234' title='bbox 336 4758 472 4831; x_wconf 91' lang='lat' dir='ltr'>domini</span> <span class='ocrx_word' id='word_1_235' title='bbox 491 4756 643 4849; x_wconf 90' lang='lat' dir='ltr'>Honorij</span> <span class='ocrx_word' id='word_1_236' title='bbox 663 4777 755 4849; x_wconf 87' lang='lat' dir='ltr'>pape</span> <span class='ocrx_word' id='word_1_237' title='bbox 773 4754 874 4847; x_wconf 90' lang='lat' dir='ltr'>tercij</span> <span class='ocrx_word' id='word_1_238' title='bbox 895 4750 1004 4824; x_wconf 85' lang='lat' dir='ltr'>Anno</span> <span class='ocrx_word' id='word_1_239' title='bbox 1023 4752 1225 4825; x_wconf 89' lang='lat' dir='ltr'>undecimo.</span> 
     </span>
    </p>
   </div>
   <div class='ocr_carea' id='block_1_5' title="bbox 0 0 2478 6500">
    <p class='ocr_par' dir='ltr' id='par_1_12' title="bbox 0 0 2478 6500">
     <span class='ocr_line' id='line_1_30' title="bbox 0 0 2478 6500; baseline 0 0"><span class='ocrx_word' id='word_1_240' title='bbox 0 0 2478 6500; x_wconf 95' lang='lat' dir='ltr'> </span> 
     </span>
    </p>
   </div>
  </div>
 </body>
</html>
