4917 6509
341 822 429 878 nne.
444 822 557 876 inex.
576 822 618 875 11.
753 803 791 877 S.
817 800 1116 879 TRINITATIS
1140 802 1210 877 DE
1237 800 1383 879 sooN.
1751 810 1799 883 47

344 1002 465 1099 oamsy
480 1002 578 1079 seoet
594 1012 658 1077 aut
681 1012 834 1077 venetur
858 1002 964 1099 super
985 1000 1143 1076 nostram
1167 1002 1365 1097 plenariam
1389 998 1647 1076 ferillotturam
1671 1002 1798 1077 deeem

347 1140 517 1215 librorum
556 1140 721 1217 Testibus
740 1140 940 1215 Laurenoio
958 1141 1004 1215 de
1020 1140 1178 1215 Abernit
1195 1139 1362 1214 Waltero
1379 1138 1480 1213 Biset
1494 1152 1567 1215 to‘.

343 1414 577 1491 Confirmatio
588 1415 790 1491 Alexandri
801 1416 912 1513 Regis
923 1416 969 1489 de
978 1408 1237 1489 sustentatione
1247 1416 1399 1489 duorum
1410 1440 1597 1490 cereorum
1605 1418 1645 1489 in
1654 1415 1812 1493 eoelesra.

244 1756 262 1764 ,.
272 1694 319 1795 ’ἰᾷ
343 1666 567 1767 Alexander
584 1690 656 1767 Dei
672 1692 789 1789 gratia
805 1690 888 1765 Rex
905 1688 1030 1765 Sootie
1046 1690 1212 1763 omnibus
1224 1689 1345 1786 probis
1357 1690 1562 1765 hominibus
1575 1694 1689 1767 totius
1701 1705 1797 1768 terre

342 1828 405 1903 sue
421 1828 575 1904 salutem
624 1829 756 1903 Sciatis
772 1850 838 1902 nos
864 1822 996 1901 dediffe
1021 1823 1222 1901 eonoeffilse
1247 1827 1379 1901 etheo
1404 1838 1503 1901 earta
1526 1825 1647 1902 nostro
1670 1833 1798 1906 confir-

342 1963 451 2041 molle
467 1965 550 2041 Deo
566 1976 605 2041 et
621 1962 763 2041 sacriste
780 1967 826 2041 de
843 1966 964 2041 Βωιια
979 1966 1026 2039 nd
1045 1962 1344 2039 sustentationem
1370 1965 1522 2038 duorum
1548 1990 1733 2042 cereorum
1757 1972 1797 2043 in

341 2106 469 2179 eadem
487 2102 635 2179 eoelefia
655 2108 693 2179 in
709 2114 926 2200 perpetuum
942 2112 1057 2177 terras
1080 2102 1294 2198 subseriptas
1311 2126 1382 2197 que
1398 2104 1546 2203 fuerunt
1572 2105 1726 2180 Galfridi
1751 2110 1797 2181 de

341 2240 557 2316 liberatione
584 2242 704 2317 elerioi
729 2238 842 2315 nostri
867 2264 956 2338 quus
981 2242 1091 2315 etiam
1116 2242 1277 2335 predilte
1301 2237 1443 2315 storiste
1468 2239 1638 2317 eoneefflt
1661 2244 1797 2320 seilicet

343 2386 457 2453 terras
473 2401 563 2473 quas
579 2379 613 2453 ei
627 2379 841 2453 dederamus
856 2380 896 2452 in
913 2378 1009 2452 villis
1025 2379 1071 2451 de
1088 2374 1315 2451 Clakmanan
1335 2378 1381 2451 de
1398 2375 1493 2453 Seoir
1511 2379 1558 2453 de
1574 2379 1798 2479 Dunkeldyn

343 2525 382 2588 et
411 2517 456 2588 de
487 2515 661 2590 Inremee
687 2516 739 2589 Et
763 2525 930 2613 preterea
952 2538 1064 2589 unam
1088 2525 1229 2611 petrem
1254 2538 1336 2589 oere
1359 2516 1626 2611 percipiendam
1650 2516 1798 2617 fingnlis

342 2654 445 2727 annis
462 2653 507 2725 de
525 2654 633 2725 domo
655 2676 727 2747 que
743 2655 814 2727 fuit
839 2654 992 2728 Roberti
1018 2654 1064 2726 de
1089 2652 1244 2727 London
1269 2654 1388 2727 fratris
1413 2650 1525 2727 nostri
1548 2658 1587 2728 in
1613 2658 1727 2755 burgo
1752 2662 1797 2734 de

341 2789 516 2861 Aberdon
529 2812 638 2884 quam
651 2786 817 2867 similiter
827 2792 947 2867 eidem
965 2789 1130 2864 Gelfrido
1147 2789 1279 2863 elerico
1291 2786 1413 2864 nostro
1424 2793 1471 2866 nd
1482 2793 1553 2866 boe
1564 2792 1798 2871 ooneeffimus

341 2925 501 2999 Tenend.
519 2936 558 3001 et
574 2928 729 3001 hebend.
747 2928 794 3001 ad
812 2924 1110 3001 sustentationem
1133 2928 1374 3022 predittorum
1390 2949 1574 3001 cereorum
1592 2933 1631 3003 in
1647 2933 1798 3007 liberam

341 3088 469 3159 puram
486 3073 526 3137 et
542 3074 755 3161 perpetuam
773 3062 1004 3139 elemofinam
1021 3066 1074 3136 ite
1090 3062 1203 3137 libere
1220 3074 1260 3138 et
1276 3066 1400 3158 quiete
1416 3062 1507 3139 fient
1524 3066 1644 3163 aliqua
1663 3072 1798 3146 elemo-

340 3199 418 3285 fina
433 3204 472 3274 in
489 3224 599 3299 regno
617 3202 737 3275 nostro
754 3203 901 3277 liberius
916 3210 981 3275 eut
998 3202 1157 3296 quietius
1182 3196 1380 3297 poffidetur
1427 3200 1592 3281 Testibus
1607 3204 1798 3285 Willelmo

341 3336 508 3433 episeopo
523 3336 723 3436 glasguensi
741 3338 956 3415 eaneellario
974 3337 1137 3412 Roberto
1153 3338 1340 3434 eapellano
1356 3336 1477 3415 nostro
1491 3338 1661 3440 magistro
1678 3345 1798 3421 David

342 3478 388 3551 de
414 3476 597 3551 Bemham
626 3480 821 3551 eamerario
851 3474 1019 3575 magistro
1045 3475 1110 3548 W.
1136 3476 1181 3551 de
1206 3474 1400 3574 Lyndifl'ey
1428 3478 1565 3553 deoano
1593 3482 1793 3580 glasguenfi

341 3612 480 3690 'l'homa
502 3615 578 3687 filio
609 3614 795 3711 Ranulphi
814 3614 1034 3690 ‚Alexandro
1060 3614 1105 3689 de
1133 3612 1318 3711 Strivelyn
1345 3614 1535 3691 Willelmo
1563 3620 1609 3692 de
1638 3619 1797 3697 Hauden

342 3751 455 3847 Apud
473 3750 612 3827 Meiros
635 3748 803 3827 rieefimo
825 3762 954 3848 quarto
979 3752 1039 3825 die
1065 3751 1251 3827 Februarii
1276 3776 1371 3825 enno
1396 3756 1498 3850 regni
1522 3756 1660 3831 domini
1685 3758 1796 3857 Regis

342 3886 509 3963 vieefimo
525 3889 692 3965 seeundo.

343 4163 577 4241 Confirmatio
602 4164 805 4239 Alexandri
830 4164 943 4261 Regis
968 4162 1200 4240 eonoeffionie
1218 4162 1377 4240 Walteri
1401 4167 1467 4241 lilii
1493 4166 1604 4241 Alani
1629 4170 1797 4245 deterre

344 4324 453 4395 quam
470 4298 622 4377 Swenus
639 4302 736 4377 filius
753 4302 862 4379 Thuri
882 4302 980 4377 feeit.

273 4580 320 4652 78
344 4548 574 4653 Alexander
589 4575 662 4651 Dei
680 4578 798 4675 gretia
814 4576 897 4653 Rex
914 4574 1125 4653 Scottorum
1141 4579 1309 4652 omnibus
1324 4580 1445 4675 probis
1460 4581 1666 4655 hominibus
1682 4585 1795 4657 totius

345 4725 440 4791 terre
456 4712 519 4789 sue
535 4713 675 4789 eleriois
700 4725 741 4789 et
765 4714 866 4789 lnieis
882 4711 1036 4789 salutem
1084 4712 1212 4791 Sciant
1235 4714 1421 4811 presentes
1436 4726 1476 4791 et
1490 4718 1605 4791 futuri
1628 4741 1689 4792 me
1711 4744 1796 4792 eon·

343 4846 474 4927 eeffilse
490 4860 530 4926 et
546 4851 615 4927 hoo
631 4860 731 4929 earo
745 4872 829 4929 mee
845 4846 1064 4927 confirmelle
1086 4849 1348 4927 ooneeffionem
1364 4854 1465 4929 illam
1481 4878 1589 4951 quam
1607 4853 1796 4931 Walterue

342 4988 437 5063 lilius
451 4988 562 5065 Alani
580 4989 668 5067 feeit
680 4987 762 5065 Deo
775 4997 814 5065 et
826 4985 977 5066 eoeleste
994 4989 1126 5067 Stude
1144 4990 1332 5067 Trinitatis
1349 5000 1388 5067 et
1402 4991 1527 5107 ¹Sentii
1541 4992 1735 5069 Michaelis
1751 4998 1796 5071 de
