4917 6509
670 808 717 875 14
1191 796 1349 871 LIBER
1375 794 1624 871 ECCLESIE
1955 816 2032 869 sec.
2050 816 2122 869 rur.

669 1024 753 1074 curn
771 1024 841 1071 vna
849 1008 1023 1125 carucata
1040 1006 1136 1069 terre
1162 994 1324 1092 Fyngasc
1340 1018 1425 1070 cum
1441 1018 1513 1068 rna
1530 1004 1697 1069 carucata
1713 1002 1809 1068 terre
1827 993 2023 1091 Duffortyn
2040 1018 2124 1068 curn

669 1139 784 1211 tribus
813 1136 989 1209 carucatis
1021 1133 1148 1207 Kluen
1173 1158 1257 1208 cum
1283 1134 1399 1209 tribus
1427 1135 1604 1207 carucatis
1633 1131 1709 1228 Lyf
1734 1156 1819 1207 cum
1839 1130 1903 1205 sex
1931 1132 2126 1207 cementis

671 1274 822 1369 Grudyn
857 1296 940 1345 cum
980 1273 1107 1345 decem
1140 1274 1334 1346 carrucatis
1367 1271 1640 1367 Innergoncryn
1677 1294 1762 1345 cum
1798 1272 1914 1344 tribus
1950 1274 2126 1345 carucatis

673 1413 843 1505 Quinque
869 1410 963 1483 tofta
985 1432 1096 1482 vnum
1122 1410 1218 1505 apud
1236 1409 1458 1505 Edynbnrch
1483 1408 1639 1483 alterum
1656 1410 1752 1504 apud
1769 1408 1955 1505 Striuelyn
1971 1408 2127 1482 alterurn

671 1551 766 1645 apud
787 1546 1029 1621 Inuerkethin
1054 1546 1210 1620 alterum
1232 1548 1329 1642 apud
1345 1546 1458 1620 Parth
1484 1556 1523 1619 et
1550 1546 1707 1621 alterum
1731 1548 1827 1641 apud
1851 1547 2017 1620 Abirdon
2043 1546 2128 1619 Duo

673 1690 783 1761 Retia
798 1684 905 1781 super
920 1685 996 1780 Tey
1013 1708 1127 1756 unum
1151 1684 1296 1757 illorum
1313 1686 1409 1780 apud
1425 1684 1699 1780 Kyncarrachin
1715 1694 1754 1757 et
1770 1684 1925 1757 alterum
1950 1688 1990 1757 in
2006 1682 2129 1757 Insula

675 1828 788 1923 Regis
805 1847 916 1897 vnum
928 1824 1023 1897 Rete
1036 1826 1073 1897 in
1087 1822 1199 1896 Forth
1211 1822 1309 1918 apud
1321 1822 1507 1918 Striuelyn
1525 1845 1655 1897 canum
1672 1835 1712 1897 et
1728 1820 2007 1896 consuetudines
2023 1824 2129 1895 vnius

674 1967 778 2040 nauis
794 1960 942 2059 finguhs
953 1964 1056 2035 annis
1069 1958 1160 2035 ficut
1172 1963 1211 2033 in
1228 1962 1433 2035 auctentico
1450 1957 1581 2056 scripto
1594 1958 1754 2055 ejusdem
1765 1959 1878 2057 Regis
1890 1961 2024 2034 exinde
2035 1960 2130 2033 fauo

675 2102 883 2176 continetur
933 2100 1054 2173 Pelles
1088 2100 1211 2171 ouium
1243 2108 1283 2171 ct
1311 2121 1486 2195 agnorum
1512 2099 1610 2171 coria
1643 2098 1754 2171 boum
1787 2099 2024 2171 medictatem
2056 2094 2131 2191 sepi

676 2240 773 2312 vuiti
787 2249 826 2311 et
838 2236 1006 2334 sagminis
1024 2246 1061 2309 et
1075 2236 1253 2309 decimam
1269 2238 1372 2330 panis
1388 2245 1428 2309 et
1445 2238 1647 2311 venationis
1664 2236 1776 2333 Regis
1792 2232 1884 2311 licut
1900 2238 1939 2309 in
1955 2238 2132 2310 audenti·

677 2401 749 2471 quo
774 2373 907 2469 scripto
932 2369 1040 2469 ipsius
1070 2371 1203 2445 exinde
1226 2372 1320 2444 iacto
1350 2374 1571 2446 continetur·
1592 2371 1753 2447 Insulam
1777 2376 1824 2447 de
1852 2372 2016 2470 Lochtey
2046 2396 2132 2447 cum

676 2513 843 2585 omnibus
869 2509 940 2583 suis
964 2510 1193 2605 pertinentiis
1254 2507 1314 2581 Ex
1343 2508 1438 2583 dono
1461 2510 1573 2607 Regis
1599 2509 1721 2585 Dauid
1741 2512 1788 2585 ad
1813 2513 1953 2606 prefate
1984 2507 2133 2585 ecclefie

678 2652 803 2725 lumen
817 2650 946 2745 viginti
959 2646 1089 2720 solidos
1103 2648 1149 2719 de
1161 2647 1274 2719 firmis
1284 2646 1330 2719 de
1344 2644 1458 2719 Perth
1476 2648 1602 2721 decem
1614 2645 1748 2723 solidos
1760 2649 1806 2722 de
1816 2650 1921 2723 firma
1931 2648 2135 2723 molendin-

679 2810 781 2861 orum
795 2790 840 2861 de
858 2787 971 2859 Perth
1009 2781 1314 2859 Cambusmichell
1331 2806 1415 2857 cum
1432 2786 1601 2859 omnibus
1616 2787 1722 2859 terris
1739 2796 1778 2860 et
1795 2788 1898 2881 aquis
1923 2787 2036 2881 pratis
2058 2784 2136 2882 pss-

679 2928 755 3001 cuis
776 2922 882 2999 bosco
899 2932 938 2997 et
954 2922 1063 3020 plano
1081 2932 1119 2995 et
1136 2919 1295 3017 piscariis
1316 2931 1355 2995 et
1376 2946 1461 3015 cum
1478 2923 1647 2995 omnibus
1662 2919 1733 2995 suis
1753 2925 1984 3018 pertinentiis
2026 2922 2134 2998 Deci·

680 3086 780 3136 mam
793 3062 975 3158 prebende
992 3056 1100 3154 ipfius
1116 3059 1226 3155 Regis
1244 3053 1348 3153 brafij
1367 3061 1448 3133 cani
1461 3061 1657 3133 corriorunr
1670 3068 1710 3135 et
1726 3058 1910 3167 caseorum
1924 3062 1969 3135 de
1982 3070 2136 3157 quatuor

679 3202 848 3274 maneriis
866 3197 938 3273 suis
961 3197 1099 3273 scilicet
1116 3198 1162 3271 de
1177 3196 1350 3293 Goueryn
1371 3198 1417 3269 de
1439 3196 1628 3294 Fergrund
1641 3200 1687 3272 de
1705 3198 1801 3273 Scon
1818 3201 1864 3273 de
1881 3200 2002 3295 Cupra
2027 3210 2068 3275 et
2090 3202 2136 3273 de

681 3336 910 3411 Strathardel
953 3334 1144 3409 Decimam
1167 3337 1321 3408 duorum
1343 3333 1633 3409 molendinorum
1651 3334 1809 3411 eiusdem
1827 3336 1939 3434 Regis
1961 3362 2032 3431 que
2052 3335 2137 3411 sunt

682 3474 787 3570 super
797 3475 925 3548 Amun
967 3468 1165 3549 Eccleliam
1179 3473 1225 3546 de
1243 3472 1452 3545 Lochorucr
1468 3496 1551 3546 cum
1568 3475 1674 3547 terris
1690 3476 1840 3547 decimis
1857 3484 1897 3547 et
1913 3472 1985 3547 suis
2000 3478 2138 3570 pcrtin-

683 3614 792 3685 entiis
843 3605 1039 3691 Ecclesiam
1058 3610 1104 3683 de
1129 3608 1363 3706 Keringthon
1384 3632 1468 3682 cum
1493 3612 1660 3686 omnibus
1680 3612 1727 3684 ad
1747 3610 1847 3685 illam
1871 3613 2138 3705 pertinentibus

683 3751 860 3822 decimam
877 3750 990 3821 totins
1007 3748 1174 3842 parochie
1192 3748 1238 3820 de
1256 3746 1352 3821 Scan
1369 3749 1408 3821 in
1424 3770 1569 3821 annom
1584 3749 1623 3819 in
1640 3745 1749 3821 caseis
1765 3750 1804 3821 in
1826 3750 2053 3843 captionibus
2070 3748 2140 3845 pis·

684 3889 781 3962 cium
798 3896 838 3961 ct
856 3890 894 3960 in
906 3887 986 3961 aliis
997 3888 1092 3960 vnde
1105 3888 1248 3959 decima
1261 3885 1379 3959 danda
1391 3882 1445 3960 est
1457 3887 1608 3959 liberam
1621 3908 1764 3979 qnoque
1776 3886 1961 3961 licentiam
1973 3889 2138 3983 capiendi

684 4027 873 4101 materiem
891 4028 929 4097 in
946 4025 1152 4099 nemoribus
1170 4023 1282 4120 Regis
1298 4046 1363 4118 per
1379 4032 1495 4097 totam
1512 4022 1673 4097 Scotiam
1691 4024 1751 4096 vbi
1777 4025 1879 4097 vobis
1900 4026 2015 4121 magis
2035 4048 2139 4121 opor-

685 4176 816 4239 tunum
828 4166 939 4237 fuerit
953 4164 1000 4236 ad
1011 4161 1276 4236 edificationem
1290 4158 1438 4235 ecclefie
1448 4159 1564 4235 vestre
1575 4163 1621 4235 de
1631 4161 1729 4237 Secu
1745 4172 1786 4236 et
1798 4164 1987 4236 domorum
1997 4160 2139 4237 suarum

686 4301 744 4375 De
761 4299 909 4398 fingulis
925 4302 1053 4375 aratris
1066 4302 1179 4373 totius
1196 4309 1293 4373 terre
1305 4301 1443 4395 prefate
1457 4296 1618 4374 Ecclesre
1630 4301 1677 4373 de
1689 4299 1788 4375 Scon
1799 4295 1948 4397 lingulis
1959 4304 2063 4376 annis
2074 4326 2140 4397 pro

687 4440 749 4513 suo
775 4440 932 4512 conueth
956 4440 1002 4511 ed
1027 4434 1161 4512 festum
1185 4440 1348 4510 omnium
1371 4436 1571 4511 sanctorum
1593 4460 1703 4511 snam
1730 4462 1876 4513 vaccam
1898 4440 1988 4513 duos
2014 4462 2140 4535 percos

687 4588 843 4673 quatuor
869 4576 1028 4649 clauinos
1051 4578 1165 4649 farine
1188 4576 1315 4648 decem
1342 4576 1489 4651 thrones
1514 4599 1630 4649 avene
1655 4577 1781 4650 decem
1807 4576 1961 4673 gallinas
1983 4578 2142 4653 ducenta

688 4740 758 4790 oua
774 4717 901 4788 decem
918 4714 1121 4807 manipulos
1142 4713 1373 4787 candelarum
1399 4723 1555 4808 quatuor
1580 4722 1759 4787 mumatas
1779 4710 1920 4788 fanonis
1945 4716 2074 4811 viginti
2100 4724 2141 4789 et

686 4854 872 4927 dimidiam
889 4852 1002 4925 melas
1027 4847 1226 4925 caseirlicut
1243 4851 1282 4924 in
1299 4853 1531 4945 audientique
1551 4848 1682 4945 scripto
1699 4848 1859 4925 eiusdem
1882 4851 1995 4949 Regis
2011 4853 2144 4926 exinde

686 4993 780 5066 intio
809 4992 1017 5065 continetur
1086 4988 1143 5061 Ex
1177 4990 1272 5064 dono
1307 4987 1419 5085 Regis
1449 4986 1641 5063 Malcolmi
1674 4989 1852 5064 decimam
1889 4990 2063 5063 frumenti
2097 4991 2143 5063 de
