4917 6509
451 740 536 794 ase.
551 740 671 793 navrn
686 740 727 791 11.
861 718 898 791 S.
923 716 1220 792 TRINITATIS
1244 718 1315 790 DE
1341 720 1487 793 SOON.
1823 724 1893 797 119

449 925 544 985 teras
570 911 706 987 nostras
734 910 799 986 fibi
827 913 904 985 fieri
932 915 1083 987 fecimus
1116 923 1283 1007 patentes
1315 938 1380 1008 pro
1412 913 1475 985 suo
1507 924 1681 1008 perpetuo
1707 914 1895 988 duraturas

449 1048 587 1121 Datum
604 1048 716 1143 Apud
732 1048 837 1143 perth
854 1050 955 1143 xviij⁰
971 1050 1029 1121 die
1046 1050 1129 1141 maij
1146 1045 1258 1119 Anno
1274 1050 1376 1143 regni
1392 1046 1503 1120 nostri
1519 1050 1611 1142 xiiij⁰
1627 1086 1635 1106 ·

449 1328 559 1402 Carta
575 1330 686 1425 Regis
702 1330 855 1404 Dauidis
872 1334 918 1404 de
934 1331 1152 1404 relevamine
1168 1338 1207 1401 et
1223 1332 1450 1402 revocatione
1467 1338 1642 1402 terrarum
1658 1343 1719 1403 so*
1736 1370 1745 1386 ·

336 1602 416 1671 160,
449 1562 667 1659 Venerabili
684 1591 777 1681 patri
794 1590 832 1658 in
849 1584 989 1660 Obristo
1006 1586 1162 1659 Domino
1181 1584 1371 1658 Willelmo
1388 1587 1446 1659 dei
1463 1590 1578 1681 gratia
1594 1586 1768 1682 Episcopo
1782 1587 1892 1660 Sanc-

448 1722 610 1794 tiandroe
627 1721 745 1794 David
762 1724 887 1795 eadem
904 1724 1021 1817 gratia
1045 1722 1127 1793 Rex
1153 1720 1361 1793 Scottorum
1386 1720 1538 1793 sulutem
1562 1724 1602 1793 in
1619 1724 1763 1794 domino
1779 1724 1893 1794 dorni·

447 1879 575 1928 norum
608 1856 704 1943 Quia
720 1855 865 1930 diverfis
882 1866 919 1929 et
932 1858 1051 1931 arduis
1067 1859 1224 1952 negociis
1235 1859 1336 1952 regni
1353 1854 1462 1928 nostri
1475 1858 1521 1928 de
1532 1880 1626 1928 novo
1641 1859 1892 1953 ingruentibus

447 1995 485 2062 in
502 2000 647 2064 tantum
666 1994 831 2086 impediti
854 1990 975 2063 sumus
993 1993 1088 2084 quod
1113 1994 1207 2064 circa
1224 1994 1429 2065 relevamen
1446 2003 1485 2063 et
1500 1994 1766 2065 reuocationem
1782 2002 1893 2065 terra·

446 2149 527 2197 rum
555 2128 717 2200 indebite
746 2128 981 2199 alienatorum
1006 2135 1044 2199 et
1068 2125 1220 2199 aliorum
1247 2128 1453 2199 reddituum
1479 2118 1681 2220 monasterij
1703 2128 1749 2199 de
1774 2126 1894 2200 Scona

446 2260 587 2333 brndati
604 2264 649 2334 de
666 2258 939 2337 antecessoribus
955 2258 1084 2333 nostris
1100 2258 1331 2355 personaliter
1343 2258 1508 2335 interesse
1520 2284 1594 2332 non
1606 2261 1768 2333 valemus
1783 2273 1890 2355 prout

446 2396 484 2466 in
500 2398 594 2469 votis
608 2398 766 2492 gerimus
786 2405 824 2469 et
847 2394 1086 2469 defideramus
1113 2398 1158 2469 de
1175 2393 1292 2469 vestra
1315 2395 1488 2469 immensa
1508 2395 1720 2469 discretione
1744 2406 1783 2469 et
1807 2420 1890 2490 pru-

446 2530 573 2603 dencia
589 2530 740 2604 firmiter
756 2532 977 2605 confidentes
999 2528 1215 2626 potestatem
1240 2534 1375 2627 regiam
1400 2535 1437 2603 in
1455 2532 1711 2625 temporalibus
1726 2533 1773 2604 ad
1789 2556 1890 2603 revo-

445 2667 599 2738 candum
615 2668 775 2740 indebite
793 2669 948 2741 alienata
964 2676 1003 2739 et
1020 2669 1066 2740 ad
1082 2667 1315 2742 relevandum
1331 2671 1466 2743 ditium
1487 2667 1741 2742 monasterium
1758 2672 1796 2742 in
1812 2692 1889 2740 om-

443 2802 549 2873 nibus
567 2826 637 2895 que
663 2806 709 2875 ad
725 2805 860 2899 regiam
876 2802 1098 2877 maiestatem
1124 2808 1309 2897 pertinent
1327 2807 1384 2879 vel
1408 2807 1455 2878 ad
1480 2808 1537 2878 ius
1563 2814 1773 2899 patronatus
1790 2805 1889 2876 vobis

445 2936 704 3009 committimus
719 2960 784 3031 per
807 2935 989 3032 presentes
1007 2937 1252 3031 Deprecautes
1277 2949 1316 3011 et
1341 2950 1485 3013 orantes
1509 2937 1731 3035 perviscera
1754 2936 1888 3009 miseri·

445 3072 563 3142 cordie
578 3072 636 3145 dei
649 3070 759 3143 nostrl
772 3081 949 3164 quatenus
962 3074 1006 3145 ad
1019 3073 1223 3147 relevamen
1237 3084 1276 3147 et
1288 3078 1553 3148 revocationem
1566 3075 1726 3148 indebite
1738 3072 1888 3146 alienat·

443 3228 546 3278 orum
572 3209 610 3279 in
634 3206 875 3301 spiritualibus
900 3210 1113 3281 austeritate
1135 3206 1251 3282 vestra
1269 3220 1309 3281 et
1333 3212 1371 3281 in
1395 3211 1653 3303 temporalibus
1677 3211 1888 3281 audioritute

443 3338 563 3415 nostra
572 3338 647 3415 fine
657 3366 870 3435 quacunque
879 3343 1021 3415 fidione
1032 3344 1090 3415 vel
1100 3342 1329 3439 personarum
1339 3347 1548 3439 acceptione
1557 3346 1746 3418 intendere
1755 3345 1887 3415 curetis

443 3476 503 3548 Ita
519 3485 562 3548 ut
586 3478 653 3549 deo
679 3479 823 3549 auctore
848 3485 887 3549 et
908 3475 1025 3549 vestro
1054 3474 1199 3550 consilio
1225 3480 1361 3573 pariter
1388 3488 1427 3551 et
1453 3481 1588 3552 auxilio
1612 3477 1886 3574 suffragantibus

443 3614 576 3683 discum
605 3610 859 3698 monasterium
888 3614 934 3684 ad
967 3614 1130 3685 debitum
1161 3610 1294 3685 statum
1327 3609 1433 3708 poffit
1465 3614 1589 3685 reduci
1621 3610 1733 3685 Istam
1762 3622 1885 3685 autem

443 3744 700 3820 eonceffionem
723 3744 785 3819 seu
813 3744 1028 3841 potestatem
1055 3744 1211 3821 nostram
1227 3750 1329 3821 vobis
1354 3746 1551 3822 concessam
1575 3758 1615 3820 et
1635 3744 1750 3843 fign'llo
1766 3745 1887 3819 nostro

442 3884 580 3976 privato
597 3879 787 3978 sigillatam
803 3906 867 3977 per
883 3906 1132 3976 quamcunque
1148 3883 1309 3956 litteram
1325 3880 1482 3957 nostram
1497 3882 1807 3976 supervenientem
1826 3906 1886 3953 vo-

443 4018 563 4091 lumus
591 4021 748 4092 revocari
781 4018 828 4089 In
857 4020 959 4091 cuius
985 4020 1036 4089 rei
1061 4013 1307 4091 testimonium
1331 4014 1486 4113 figellum
1515 4015 1674 4088 nostrum
1704 4019 1884 4111 privatum

442 4151 665 4246 presentibus
691 4154 823 4247 apponi
851 4153 1100 4224 mandavimus
1133 4151 1272 4225 Datum
1300 4155 1396 4247 apud
1424 4151 1580 4226 salelaud
1605 4150 1651 4221 vo
1666 4152 1724 4223 die
1753 4147 1883 4221 mensis

442 4288 565 4381 marcii
582 4286 693 4359 Anno
710 4288 828 4382 Regni
845 4286 955 4359 nostri
972 4287 1110 4372 Quarto
1126 4290 1277 4361 decimo.

445 4566 556 4640 Carta
567 4568 677 4667 Regis
694 4569 846 4643 Dauidis
863 4571 909 4642 de
926 4569 1160 4643 creditoribus
1177 4566 1388 4643 Monasterli
1405 4569 1451 4641 de
1468 4567 1606 4641 Soona-

330 4858 407 4930 161‚
447 4808 583 4913 David
599 4839 657 4913 dei
673 4842 789 4935 grstia
805 4840 887 4914 Rex
906 4838 1113 4913 Scottorum
1135 4840 1273 4941 lfbome
1289 4842 1335 4913 de
1356 4840 1517 4915 Carnoco
1544 4838 1660 4913 Militi
1675 4837 1886 4911 cancellario
