4917 6509
323 840 554 893 neomuto
738 820 775 893 S.
802 820 1100 894 TRINITATIS
1127 822 1195 893 DE
1222 821 1369 896 SCON.
1705 828 1775 898 193

233 1014 236 1019 ’
324 1016 395 1091 five
422 1022 605 1092 decretum
632 1044 696 1114 per
720 1019 882 1093 eonsules
908 1018 1044 1093 nostros
1069 1023 1250 1093 auditores
1278 1021 1461 1095 oonlirrum
1487 1031 1525 1092 et
1551 1021 1777 1113 querelarum

323 1181 386 1251 pro
405 1154 518 1231 eoufis
536 1169 573 1231 et
591 1158 745 1251 querelis
762 1160 948 1232 audiendis
966 1170 1003 1230 et
1022 1160 1228 1229 decidendis
1248 1183 1313 1253 per
1329 1172 1403 1231 tres
1419 1162 1521 1255 regni
1538 1156 1646 1230 nostri
1663 1157 1777 1230 status

324 1295 455 1368 elettos
473 1299 597 1369 datum
616 1308 654 1369 et
672 1299 936 1393 promulgatum
956 1300 1082 1390 utique
1096 1294 1310 1369 intellexisse
1322 1296 1387 1369 sub
1400 1299 1467 1371 hoe
1478 1300 1592 1370 formo
1605 1298 1777 1394 [utsupra

325 1433 416 1527 sel]
436 1473 444 1488 ·
463 1435 568 1519 Quod
588 1438 731 1528 quidem
751 1437 870 1507 atium
889 1432 961 1506 five
979 1436 1164 1506 decretum
1182 1458 1223 1507 ao
1245 1438 1366 1508 omniu
1383 1448 1420 1507 et
1439 1433 1577 1531 singula
1594 1438 1631 1506 in
1648 1436 1776 1507 eodem

325 1582 498 1645 contento
515 1575 551 1644 in
571 1575 737 1645 omnibus
753 1571 823 1645 suis
841 1572 983 1667 pundlis
1002 1584 1040 1643 et
1057 1572 1218 1645 articulis
1241 1575 1479 1667 approbemus
1504 1542 1722 1647 ratificamus
1739 1584 1777 1643 et

326 1720 451 1781 tenore
468 1707 685 1803 presentium
704 1734 767 1805 pro
786 1721 959 1805 perpetuo
977 1710 1228 1783 confirmamus
1249 1712 1369 1797 Quare
1387 1710 1559 1783 universis
1577 1722 1615 1783 et
1631 1709 1778 1805 lingulis

326 1847 419 1943 ligiis
437 1858 475 1919 et
492 1846 642 1920 subditis
660 1846 787 1921 nostris
804 1873 955 1943 quorum
979 1848 1128 1922 interest
1147 1852 1203 1921 vel
1229 1848 1394 1955 interelle
1411 1854 1548 1944 poterit
1562 1849 1681 1921 stride
1698 1875 1778 1943 pre·
1895 1946 1897 1951 ι

325 1988 490 2078 oipiendo
508 1988 719 2059 mandamus
736 2012 783 2061 ne
809 1990 888 2081 quis
914 1992 950 2059 in
979 1990 1196 2059 contrarium
1222 1990 1306 2059 diui
1333 1991 1400 2060 otti
1420 1986 1492 2059 five
1509 1989 1645 2088 decreti
1663 1987 1787 2094 nullo·⁴

326 2134 432 2195 tenus
452 2126 620 2195 devenire
637 2121 816 2218 presumat
840 2126 917 2198 Sub
943 2130 1040 2197 omni
1068 2150 1161 2220 pena
1186 2150 1256 2217 que
1282 2137 1487 2220 competere
1505 2130 1639 2220 poterit
1656 2129 1693 2197 in
1711 2127 1778 2198 hac

325 2272 428 2353 porte
454 2260 591 2333 Datum
615 2260 679 2333 sub
709 2259 914 2335 testimonio
943 2268 1064 2359 magni
1091 2263 1208 2358 Sigilli
1235 2261 1344 2335 nostri
1371 2266 1465 2357 apud
1493 2263 1626 2336 Dunde
1652 2267 1778 2357 quinto

327 2400 384 2469 die
414 2395 544 2471 mensis
578 2399 663 2471 maii
694 2401 804 2471 Anno
834 2403 969 2472 domini
1000 2397 1187 2472 millesimo
1221 2398 1571 2495 quadringentelimo
1605 2374 1778 2494 quinqua-

326 2534 460 2631 gesimo
478 2536 628 2632 septimo
647 2538 695 2609 Et
715 2537 832 2634 Regni
850 2536 960 2610 nostri
979 2536 1159 2612 Viresrmo
1178 2543 1316 2633 primo·
