4917 6509
639 929 728 998 xxiv
1239 921 1467 998 TABULA.

649 1129 705 1205 67.
732 1127 843 1199 Carta
859 1125 1060 1199 Alexandri
1078 1124 1190 1222 Regis
1207 1126 1253 1199 de
1270 1126 1375 1198 terris
1395 1126 1441 1197 de
1466 1146 1599 1221 magna
1622 1123 1711 1197 Blar
1734 1134 1774 1197 et
1798 1125 1844 1197 de
1868 1146 1979 1219 parva

733 1262 821 1336 Blar
836 1265 875 1335 in
892 1263 1121 1336 excambium
1139 1264 1278 1336 decime
1295 1264 1398 1359 panis
1414 1270 1453 1335 et
1469 1263 1726 1335 rediitudinum
1739 1262 1902 1347 aliarum,
1977 1286 2011 1355 p.
2032 1267 2078 1333 49

648 1405 705 1474 68.
733 1401 968 1474 confirmatio
985 1402 1186 1475 Alexandri
1204 1399 1316 1499 Regis
1333 1402 1379 1474 de
1394 1424 1469 1474 uno
1485 1400 1579 1473 tofto
1596 1400 1692 1496 apud
1709 1398 1876 1485 Sennam,
2031 1406 2077 1471 48

649 1541 706 1616 69.
733 1536 844 1613 Carta
859 1538 1062 1614 Alexandri
1081 1538 1192 1636 Regis
1210 1540 1256 1611 de
1272 1548 1369 1613 terra
1385 1541 1431 1612 de
1448 1536 1550 1622 Clen,
1687 1594 1695 1610 .
1847 1593 1855 1607 .
2032 1544 2079 1610 48

650 1685 708 1757 70.
736 1677 847 1751 Carta
863 1677 1066 1752 Alexandri
1085 1678 1197 1776 Regis
1214 1680 1261 1752 de
1275 1678 1510 1774 protestione,
1688 1732 1696 1746 .
1847 1732 1856 1747 .
2033 1683 2079 1748 48

651 1823 706 1895 71.
733 1816 844 1889 Carta
860 1816 1061 1895 Alexandri
1079 1815 1191 1913 Regis
1208 1817 1254 1890 de
1270 1825 1424 1911 utraque
1446 1815 1555 1889 Blare
1580 1816 1619 1887 in
1636 1815 1824 1889 excambio
1841 1816 1981 1888 decime

735 1956 847 2049 panis,
961 1968 964 1973 '
2034 1958 2080 2023 44

651 2098 707 2167 79.
735 2090 969 2165 Confirmatio
980 2092 1181 2165 Alexandri
1195 2090 1307 2187 Regis
1320 2091 1524 2163 donationis
1537 2086 1687 2163 eecleiie
1696 2091 1743 2163 de
1753 2088 2006 2186 Regortewyn,
2033 2096 2081 2162 44

651 2236 708 2309 78.
736 2229 846 2303 Carta
862 2228 1063 2303 Alexandri
1081 2230 1192 2325 Regis
1210 2230 1255 2302 de
1272 2229 1505 2324 protedeione,
1689 2283 1698 2299 .
1848 2281 1857 2299 .
2033 2235 2080 2300 45

651 2373 708 2454 74.
735 2367 845 2441 Certa
854 2366 1056 2441 Alexandri
1067 2367 1178 2464 Regis
1190 2368 1236 2440 de
1246 2367 1384 2439 duabus
1394 2368 1485 2440 aeris
1495 2376 1592 2439 terre
1601 2368 1640 2439 in
1650 2368 1832 2439 territorio
1842 2367 1888 2439 de
1899 2366 2006 2451 Sena,
2033 2373 2081 2439 45

653 2514 709 2587 75.
736 2506 846 2579 Carta
861 2504 1064 2579 Alexandri
1081 2504 1193 2601 Regis
1211 2506 1256 2593 de
1274 2505 1441 2577 dominiis
1458 2506 1504 2576 de
1521 2502 1620 2576 Rath
1637 2512 1676 2577 et
1692 2502 1924 2600 Kyni'awnes,
2034 2508 2082 2577 46

652 2648 709 2724 76.
736 2642 846 2718 Carta
861 2643 1064 2718 Alexandri
1082 2644 1192 2741 Regis
1210 2644 1257 2715 de
1273 2665 1420 2715 nemore
1437 2639 1631 2739 Keleamsy
1647 2644 1684 2717 in
1702 2639 1883 2723 forestum.
2034 2646 2081 2716 46

654 2790 710 2861 77.
737 2779 972 2855 Confirmatio
989 2781 1191 2855 Alexandri
1209 2781 1321 2876 Regis
1339 2780 1384 2853 de
1403 2774 1664 2854 sustentatione
1680 2782 1834 2854 duorum
1863 2806 1983 2855 cereo·

736 2944 817 2993 rum
833 2922 872 2993 in
889 2917 1047 3005 eeelefia,
1220 2896 1234 2929 l
2034 2926 2082 2999 47

653 3065 709 3139 78.
735 3056 970 3131 confirmatio
987 3059 1189 3131 Alexandri
1207 3056 1319 3154 Regis
1339 3052 1571 3131 eoneeilionis
1596 3056 1756 3131 Walteri
1780 3056 1846 3129 filii
1871 3056 1983 3131 Alani

737 3198 783 3270 de
800 3205 896 3271 terra
913 3220 1021 3291 qnam
1040 3195 1191 3270 Swanns
1208 3196 1304 3268 iilius
1321 3194 1430 3267 Thori
1446 3196 1544 3280 feeit,
1689 3250 1697 3266 .
1849 3250 1857 3266 .
2035 3201 2081 3275 47

653 3340 710 3413 79.
736 3334 972 3407 Confirmatio
990 3332 1122 3430 Rogati
1140 3334 1186 3407 de
1204 3332 1338 3419 Quinei
1356 3331 1510 3406 Comitis
1530 3334 1576 3405 de
1594 3333 1762 3427 Wynton
1779 3333 1983 3406 donationis

737 3469 919 3543 Willelmi
936 3471 982 3543 de
1000 3469 1077 3543 Len
1080 3524 1857 3554 ......
2035 3478 2079 3541 48

652 3614 710 3681 80.
736 3606 972 3680 Confirmatio
989 3606 1123 3703 Rogeri
1147 3606 1192 3679 de
1210 3606 1343 3692 Quinei
1368 3608 1510 3679 comitis
1528 3605 1721 3681 Wintonie
1736 3608 1783 3680 de
1798 3618 1896 3683 terra
1911 3632 1981 3704 que

739 3746 809 3819 fuit
827 3743 1008 3818 Willelmi
1026 3745 1071 3817 de
1090 3744 1179 3830 Len,
1368 3798 1376 3815 .
1528 3802 1536 3816 .
1689 3802 1698 3819 .
1849 3804 1857 3821 .
2034 3753 2079 3824 49

653 3891 711 3956 81.
739 3883 974 3957 Confirmatio
1002 3882 1204 3956 Alexandri
1231 3884 1343 3980 Regis
1373 3884 1576 3959 donationis
1609 3884 1742 3980 Regeri
1776 3886 1823 3960 de
1848 3886 1982 3973 Quinei

738 4024 881 4095 comitis
899 4020 1091 4094 Wintonie
1108 4033 1168 4095 ne*
1370 4074 1379 4092 .
1530 4074 1539 4093 .
1689 4078 1699 4095 .
1849 4079 1858 4094 .
2034 4032 2081 4095 50

600 4248 603 4255 Ι
653 4166 711 4231 89.
739 4158 849 4233 Carta
860 4159 1078 4231 venditionis
1092 4156 1161 4231 loei
1174 4158 1260 4231 tosti
1276 4158 1442 4232 inundati
1458 4182 1524 4255 per
1540 4160 1750 4235 violentiam
1762 4160 1920 4235 fluminis
1937 4163 1984 4235 de

738 4297 849 4392 They,
2036 4307 2078 4372 51

654 4442 711 4509 88.
738 4431 957 4529 Compoiitio
974 4435 1019 4508 de
1036 4436 1187 4508 minutis
1204 4435 1353 4507 decimis
1369 4436 1415 4506 de
1431 4433 1622 4530 Benehory
1638 4446 1677 4508 et
1694 4437 1740 4509 de
1756 4435 1967 4531 Kynelatim
2036 4445 2082 4509 59

653 4578 712 4644 84.
739 4572 905 4647 Libertas
922 4566 1082 4645 eoneelsa
1097 4570 1181 4643 Ade
1198 4569 1272 4643 filio
1290 4569 1504 4644 06166ἰεῖ6·
1557 4570 1653 4672 (My.
1850 4630 1859 4645 .
2036 4584 2081 4649 53

656 4716 714 4782 85.
742 4704 928 4782 Promiffio
946 4708 1136 4783 Maleolmi
1154 4708 1308 4781 Comitis
1326 4710 1371 4781 de
1388 4708 1452 4781 Fif
1464 4710 1509 4783 de
1525 4710 1693 4805 piscariis.
1745 4712 1842 4812 Oriy.
2033 4720 2084 4785 54

654 4850 712 4923 86.
739 4847 850 4920 Carta
866 4845 1017 4919 Henrici
1035 4845 1142 4919 Baldi
1159 4845 1266 4941 snper
1282 4847 1422 4919 duabus
1438 4847 1559 4920 bothis
1576 4857 1615 4920 et
1632 4846 1758 4921 solario
1774 4852 1814 4921 in
1832 4850 1955 4937 Perth,
2035 4858 2082 4924 54

653 4990 712 5064 87.
739 4970 848 5056 Garta
861 4981 1022 5057 Orabille
1035 4982 1109 5079 Say
1119 4984 1163 5056 de
1176 4984 1372 5058 donatione
1383 4983 1446 5057 sua
1457 4986 1497 5057 in
1509 4986 1690 5059 territorio
1704 4987 1749 5061 de
1760 4986 1982 5085 Kyntulaeh‚
2035 4998 2081 5063 55

654 5129 711 5195 88.
738 5123 848 5196 Carta
859 5122 1003 5195 Ricardi
1015 5121 1060 5195 de
1072 5118 1472 5219 Leyeestriaburgenfis
1483 5123 1528 5195 de
1539 5122 1652 5197 Perth
1665 5125 1711 5197 de
1722 5126 1882 5200 bathaia
1892 5126 2015 5211 Perrh,
2035 5130 2081 5200 56
