4917 6509
358 816 443 867 nno.
462 815 547 866 κω.
567 815 591 864 1.
770 792 807 865 s,
833 791 1132 864 columnus
1158 792 1227 864 on
1255 744 1403 865 scon.
1743 802 1811 866 103

356 1132 467 1206 Corte
483 1132 635 1204 Roberti
654 1132 765 1226 Regis
782 1141 824 1202 ut
841 1127 1063 1203 custodiatur
1080 1129 1180 1203 lucus
1198 1130 1244 1201 de
1261 1129 1370 1203 Blarc
1387 1132 1432 1203 ad
1450 1152 1541 1225 opus
1558 1129 1670 1225 Regio
1688 1172 1696 1187 ·

264 1412 332 1477 142
358 1385 556 1482 Robertus
573 1407 656 1480 Rex
673 1407 884 1479 Scottorum
901 1410 1104 1480 vicecomiti
1131 1417 1169 1480 ot
1193 1406 1336 1479 ballivis
1353 1404 1424 1479 suis
1450 1410 1495 1479 de
1520 1409 1626 1502 perth
1644 1407 1811 1479 Salutem

358 1548 454 1635 Quia
469 1548 636 1618 volumus
654 1546 750 1638 quod
775 1545 874 1617 lacus
901 1546 946 1617 de
971 1545 1049 1617 bloi
1074 1545 1168 1617 infra
1191 1544 1339 1617 ballium
1355 1541 1508 1617 vestram
1526 1543 1748 1618 custodiatur
1765 1547 1810 1618 ad

358 1709 447 1780 opus
474 1681 634 1757 nostrum
661 1685 845 1778 proprium
872 1706 936 1777 pro
964 1684 1180 1755 adventibus
1209 1681 1339 1755 nostris
1366 1683 1477 1778 Apud
1508 1684 1665 1757 Soonum
1695 1685 1813 1759 Vobis

356 1827 569 1899 mandamus
603 1832 640 1895 et
674 1824 891 1917 precipimus
925 1830 1104 1914 quotenus
1137 1823 1275 1893 diuum
1310 1821 1448 1895 Locum
1485 1822 1610 1894 taliter
1643 1822 1812 1895 custodiri

358 1966 498 2037 faciatis
526 1964 621 2057 quod
652 1962 773 2033 nullus
802 1956 928 2054 piscari
958 1944 1140 2054 presumat
1170 1962 1207 2031 in
1236 1961 1363 2032 ecdem
1390 1955 1455 2031 nifi
1485 1962 1738 2031 tantummodo
1767 1963 1813 2033 cd

358 2101 462 2175 usum
489 2104 671 2198 proprium
699 2066 944 2194 religiosorum
971 2100 1128 2171 virorum
1156 2098 1297 2170 abbatis
1324 2106 1363 2170 ct
1390 2106 1591 2170 conventus
1620 2100 1666 2171 do
1696 2098 1815 2171 Scono

358 2241 498 2314 Datum
524 2240 620 2335 opud
645 2238 865 2311 Clucmunun
891 2240 993 2309 xxvi⁰
1019 2240 1077 2311 die
1102 2238 1224 2331 morcij
1249 2235 1360 2307 Anno
1385 2239 1486 2331 regni
1511 2233 1622 2308 nostri
1648 2234 1815 2310 vicefimo

357 2403 473 2473 primo
491 2421 499 2437 ·

359 2655 515 2750 Rogatio
533 2652 684 2725 Roberti
702 2651 814 2746 Regis
831 2652 876 2723 de
894 2652 1060 2746 lapicidio
1078 2653 1123 2725 do
1141 2651 1377 2747 Kynkuruchi
1394 2663 1433 2725 ot
1450 2651 1687 2726 Balcormoc·

268 2932 336 2997 143
362 2908 559 3006 Robertus
576 2928 634 3000 dei
659 2931 776 3023 gratio
792 2952 856 3000 rex
883 2925 1093 2999 Scottorum
1120 2923 1291 3021 religiofio
1309 2930 1393 2999 viris
1419 2929 1542 3001 abbati
1565 2940 1605 3001 et
1621 2935 1815 3004 conventui

361 3072 406 3143 dc
431 3067 538 3141 scona
562 3066 703 3137 diledcis
734 3075 771 3138 et
797 3064 964 3136 fidelibus
991 3062 1061 3135 suis
1087 3062 1241 3137 salutem
1259 3066 1338 3137 Vos
1364 3089 1530 3161 rogamus
1560 3076 1740 3159 quotenus
1770 3071 1815 3141 ad

360 3206 568 3281 instantiam
585 3203 742 3276 nostram
769 3205 966 3275 concedere
977 3202 1104 3274 'velitis
1131 3203 1315 3275 licentiam
1333 3205 1498 3298 capiendi
1520 3203 1657 3300 lapides
1673 3209 1711 3278 in
1729 3207 1817 3302 lopi-

362 3348 456 3419 cidio
474 3340 590 3415 vestro
614 3343 659 3414 do
685 3342 907 3435 kynkarcchi
933 3351 971 3412 et
996 3340 1199 3413 balcormoc
1224 3363 1289 3435 pro
1315 3336 1579 3428 constructione
1604 3340 1755 3416 ecclelie
1772 3346 1817 3417 de

362 3484 466 3579 perth
485 3492 523 3553 et
540 3483 707 3575 pontium
724 3481 770 3552 de
787 3480 892 3574 perth
911 3489 949 3550 et
967 3480 1012 3549 dc
1031 3477 1129 3571 Eryn
1153 3476 1213 3549 Ito
1230 3479 1325 3571 quod
1344 3479 1441 3549 diua
1457 3479 1605 3552 licentio
1621 3505 1695 3553 uon
1712 3485 1817 3556 cedat

364 3623 464 3694 vobis
489 3623 526 3693 in
553 3620 750 3713 dompnum
775 3627 839 3689 aut
864 3617 1102 3711 prejudicium
1128 3613 1268 3686 Datum
1298 3614 1410 3709 Apud
1439 3615 1561 3713 gluscu
1591 3618 1731 3705 Quarto
1761 3621 1818 3693 die

363 3761 387 3833 J
392 3760 453 3833 ulii
473 3759 583 3830 Anno
601 3756 720 3852 Regni
738 3752 846 3827 nostri
865 3750 1032 3827 vicefimo
1050 3754 1158 3825 tertio
1177 3795 1185 3810 ·
