4917 6509
684 828 754 895 202
1194 814 1350 887 LIBER
1376 814 1623 889 ECCLESIE
1961 836 2036 889 unc.
2050 836 2132 887 xvi.
2169 800 2174 807 ’

686 1160 759 1231 bio
775 1154 979 1231 Belliuotue
996 1152 1020 1226 J
1022 1154 1153 1227 obonni
1173 1152 1295 1225 Peblio
1311 1163 1371 1226 eto
1387 1192 1395 1209 ·

568 1379 652 1497 ms
687 1406 784 1503 Diis
813 1430 979 1503 Andreas
1005 1429 1201 1521 qubithede
1231 1428 1365 1500 Rebtor
1390 1427 1437 1499 de
1469 1426 1655 1522 Aldouthy
1682 1427 1822 1501 dileeis
1855 1430 1945 1501 meis
1973 1430 2132 1505 Jobunni

685 1568 806 1641 Peblis
823 1565 961 1663 burgeii
978 1568 1023 1639 de
1041 1564 1154 1639 Pertlt
1172 1566 1429 1637 Burtbolomeo
1445 1566 1593 1659 orumby
2067 1637 2072 1645 ,

1006 1704 1148 1777 belliuis
1170 1706 1261 1777 meis
1282 1706 1322 1775 in
1341 1704 1408 1777 buo
1431 1712 1534 1798 purte
1551 1700 1669 1775 Selirn
1686 1702 1783 1789 Quin
1799 1704 1882 1777 dedi
1898 1714 1937 1779 et
1953 1709 2134 1802 inpurum

686 1857 724 1917 et
753 1853 964 1939 perpetuom
992 1838 1221 1914 elemosinam
1255 1864 1324 1913 oon
1349 1881 1357 1899 ·
1385 1881 1394 1899 ·
1420 1881 1427 1896 ·
1452 1880 1461 1897 ·
1487 1840 1750 1914 venerabilibus
1783 1853 1822 1915 et
1855 1840 2026 1940 religiofio
2050 1848 2135 1918 virio

686 1984 866 2056 canonicis
896 1990 1072 2054 conentus
1105 1978 1310 2054 monasterii
1345 1982 1391 2053 de
1420 1979 1527 2053 scone
1554 1988 1593 2051 et
1619 1984 1707 2051 eoru
1740 1974 1991 2054 sncoelloribus
2019 1992 2135 2055 totum

687 2146 708 2191 e
734 2158 917 2177 ······
942 2141 1042 2213 grum
1060 2127 1225 2211 quartam
1242 2128 1381 2213 portem
1403 2114 1594 2190 australem
1614 2121 1689 2189 oirn
1706 2128 1746 2191 et
1763 2114 1943 2215 fingnlurir
1960 2131 2136 2195 terrorum

688 2260 733 2329 de
747 2254 912 2329 Hultouii
932 2256 976 2329 de
996 2256 1189 2349 Lonkurdy
1202 2279 1286 2328 oum
1303 2254 1470 2350 pertineii
1480 2256 1588 2349 jnoein
1605 2257 1644 2328 in
1660 2257 1808 2331 beronio
1819 2253 1977 2331 eiusdem
1990 2270 2030 2332 et
2045 2264 2138 2334 infru

688 2397 980 2469 vioeoomitutum
997 2395 1042 2466 de
1060 2390 1174 2466 Perth
1192 2393 1346 2488 Propter
1371 2403 1487 2467 oertm
1512 2390 1634 2466 consuo
1660 2395 1783 2467 unimr'r
1810 2418 1932 2467 meum
1947 2409 2137 2471 mouentes

688 2544 726 2607 et
742 2557 807 2629 pro
824 2530 988 2626 suffragio
1005 2556 1070 2627 per
1086 2529 1165 2626 ipos
1189 2534 1379 2605 oenoniooo
1396 2533 1583 2605 annuatim
1601 2532 1721 2605 fiendo
1737 2544 1845 2627 prout
1871 2536 1908 2605 in
1931 2534 2041 2609 Curta
2056 2560 2138 2610 meo

688 2668 838 2765 desuper
855 2670 1018 2743 contestu
1034 2670 1258 2743 luculenoius
1274 2680 1422 2765 uppuret
1440 2670 1557 2743 Vobis
1573 2672 1685 2767 igitur
1708 2672 1853 2744 belliuin
1869 2675 1960 2745 meio
1976 2676 2138 2747 untedois

688 2820 727 2883 ot
756 2806 876 2882 vestrir
910 2808 1060 2882 cuilibet
1090 2810 1282 2881 coiunitim
1317 2819 1356 2881 et
1389 2803 1530 2880 dinifim
1562 2811 1720 2903 precipio
1754 2820 1793 2883 et
1825 2810 1976 2884 firmiter
2007 2816 2138 2886 mundo

689 2958 867 3043 quotenne
885 2943 965 3020 vifis
982 2946 1205 3041 presentibus
1222 2944 1298 3019 line
1313 2946 1453 3020 moroso
1468 2946 1645 3019 dilacione
1667 2948 1847 3022 oooedotie
1864 2988 1874 3004 ·
1891 2948 1967 3022 Seu
1983 2948 2138 3024 vestrum

690 3088 844 3181 quilibet
860 3082 1051 3179 reqnifituo
1072 3088 1220 3159 aooedro
1237 3088 1282 3159 ud
1300 3087 1433 3159 dietum
1450 3099 1615 3178 quartum
1631 3096 1772 3180 portem
1792 3084 1984 3161 orrlbrolem
2002 3098 2139 3163 terrarii

690 3229 735 3299 de
753 3224 920 3299 Hultouii
938 3226 983 3297 de
1002 3224 1196 3320 Lonkurdy
1212 3248 1296 3299 oum
1320 3226 1552 3321 pertinenciis
1577 3224 1627 3296 Et
1644 3224 1786 3297 Ibidem
1803 3227 1826 3298 d
1851 3267 1861 3284 ·
1889 3268 1898 3284 ·
1926 3269 1934 3284 ·
1960 3230 2140 3301 cononicis

692 3364 754 3437 sen
777 3366 886 3459 priori
910 3364 995 3436 diei
1018 3361 1222 3437 monosterii
1243 3373 1308 3436 eut
1332 3364 1439 3437 elicui
1459 3364 1563 3435 alteri
1586 3364 1758 3436 eunonioo
1775 3362 1877 3437 eiulll
1900 3368 1939 3437 in
1961 3371 2046 3439 noie
2065 3372 2141 3438 oim

692 3501 805 3573 elion'r
828 3501 1087 3573 canonicorud
1114 3538 1437 3558 ··········
1462 3500 1521 3573 rel
1547 3498 1618 3573 suis
1640 3504 1748 3573 oertio
1770 3504 1964 3576 albornotio
1980 3515 2044 3576 eut
2061 3529 2141 3600 pro-

693 3640 915 3711 curatoribus
932 3637 1094 3732 plnribns
1111 3647 1175 3711 aut
1192 3640 1254 3709 vni
1270 3638 1379 3731 piroiir
1396 3638 1571 3710 latoribus
1586 3634 1649 3709 seu
1668 3638 1774 3712 latori
1799 3636 1931 3711 statum
1957 3678 2140 3699 ······

694 3816 844 3837 ·····
872 3772 1019 3849 seffione
1036 3782 1211 3871 perpetui
1227 3770 1386 3847 eiusdem
1409 3785 1536 3868 quarte
1552 3778 1663 3870 portio
1686 3782 1825 3849 terrerir
1841 3778 2041 3870 preditturir
2058 3802 2142 3852 oum

694 3916 862 4011 ptineeiis
888 3924 928 3985 vt
955 3916 1065 3987 morie
1100 3911 1153 3987 est
1177 3952 1794 3973 ··················
1820 3925 1859 3988 et
1891 3912 1995 3989 Juste
2019 3919 2142 3992 heberi

695 4055 825 4133 focluti
846 4064 885 4125 et
909 4054 977 4125 hoo
1003 4052 1237 4125 nullomodo
1263 4054 1439 4125 omittetis
1456 4052 1507 4124 Et
1531 4049 1650 4126 vestrir
1676 4052 1828 4146 quilibet
1845 4052 2034 4148 requilitus
2063 4100 2071 4115 -
2097 4098 2106 4113 ·
2133 4100 2140 4115 ·

696 4230 1019 4251 ··········
1046 4201 1085 4264 et
1102 4190 1127 4263 J
1128 4189 1207 4264 uste
1223 4192 1347 4264 heberi
1363 4192 1523 4265 fecittot
1540 4192 1608 4264 hoo
1623 4191 1724 4263 nullo
1741 4193 1849 4264 modo
1865 4195 2013 4266 omittet
2027 4194 2053 4267 J
2054 4208 2144 4267 unte

697 4342 735 4405 et
762 4329 957 4403 seeundum
978 4331 1052 4401 vim
1078 4332 1231 4402 formam
1256 4338 1295 4401 et
1320 4331 1523 4402 continenti
1548 4367 1797 4387 ········
1823 4352 1903 4403 mee
1928 4353 2035 4422 quum
2059 4335 2143 4407 inde

696 4470 832 4543 hubent
864 4468 927 4541 Ad
961 4467 1057 4560 quod
1091 4468 1295 4541 leniendum
1321 4470 1422 4541 vobis
1446 4468 1591 4541 bullinio
1615 4471 1705 4542 meio
1733 4471 1924 4542 antedibtis
1956 4479 1996 4541 et
2024 4468 2143 4545 vestrir

697 4608 846 4681 cuilibet
858 4607 988 4677 obiuno
1002 4640 1010 4660 ·
1024 4645 1032 4663 ·
1048 4646 1056 4663 ·
1071 4614 1109 4677 et
1123 4602 1264 4678 dinifim
1277 4629 1396 4679 meum
1413 4606 1527 4697 liberi
1541 4605 1702 4700 plenarii
1713 4615 1752 4678 et
1769 4607 1914 4678 bimodi
1929 4605 2144 4701 potestatem

699 4770 740 4817 eo
756 4744 932 4817 mandatu
948 4737 1067 4837 speele
1084 4743 1131 4813 do
1150 4752 1188 4816 et
1205 4746 1359 4817 obmitto
1380 4767 1446 4839 per
1461 4741 1529 4837 piit
1547 4784 1555 4800 ·
1573 4782 1582 4798 ·
1598 4782 1607 4798 ·
1624 4766 1672 4816 ne
1684 4745 1918 4817 reuoouoione
1930 4746 2117 4819 duraturus
2135 4788 2143 4804 ·

699 4882 751 4954 Et
772 4902 834 4953 voe
857 4883 918 4974 qui
945 4883 1163 4953 execuoione
1188 4881 1298 4977 pbciir
1323 4884 1471 4959 feeerit(
1496 4882 1533 4953 in
1557 4878 1660 4953 nmoi
1686 4882 1912 4955 exeoucionin
1937 4880 2145 4955 testimonie

701 5018 832 5115 Sigillii
856 5015 975 5090 restrui
1002 5020 1040 5089 in
1066 5014 1221 5092 secundo
1245 5021 1359 5093 cundo
1383 5016 1462 5114 post
1484 5026 1569 5092 meir
1586 5015 1705 5116 figillir
1725 5021 1847 5093 debite
1874 5022 2075 5115 appendite
2100 5023 2145 5094 In
