4917 6509
663 814 733 911 i‘ia
1168 836 1326 910 nisan
1351 836 1600 911 recussis
1940 860 2114 911 amni.

644 1172 753 1245 Carta
769 1174 880 1269 Regis
897 1172 1050 1245 Robeiti
1068 1173 1114 1246 de
1125 1174 1209 1265 jure
1225 1182 1437 1267 patronatus
1453 1168 1603 1245 ecclesie
1619 1170 1730 1245 santii
1749 1171 1870 1269 Egidii
1888 1210 1898 1229 ·

346 1460 422 1569 9·
424 1496 451 1539 s
549 1452 629 1523 189.
663 1424 859 1521 Reuersus
884 1448 941 1520 dei
967 1448 1083 1543 gratia
1101 1446 1182 1519 Rex
1199 1445 1410 1519 Scottorum
1435 1446 1603 1519 omnibus
1627 1446 1748 1540 probis
1772 1446 1979 1518 hominibus
2001 1448 2114 1520 totius

332 1524 421 1635 (¹)
659 1595 754 1657 terre
771 1582 833 1657 sue
850 1584 989 1657 clericis
1007 1593 1046 1656 et
1062 1584 1161 1657 laicis
1178 1582 1332 1656 salutem
1357 1582 1490 1656 Sciatis
1512 1584 1608 1676 quod
1633 1585 1731 1655 inter
1753 1592 1876 1655 cetera
1899 1579 2116 1657 monasteria

658 1746 759 1817 regm
749 1718 887 1793 'nostri
900 1721 944 1793 ad
957 1717 1217 1803 monasterium
1235 1721 1282 1793 de
1296 1718 1416 1793 Scona
1431 1720 1565 1792 ordinis
1578 1718 1700 1792 Saniti
1714 1716 1912 1815 Augustini
1928 1720 2116 1794 Santtian·

659 1860 744 1931 duee
761 1855 919 1953 dyocesis
937 1860 973 1929 in
990 1857 1178 1951 principali
1191 1856 1275 1929 sede
1290 1858 1392 1952 regni
1408 1852 1518 1929 nostri
1535 1850 1726 1929 fundatum
1744 1854 1906 1929 nostrum
1923 1857 2115 1953 diligenter

658 1999 833 2069 intuitum
850 1997 1045 2089 dirigentes
1063 1992 1363 2069 consideravimus
1379 1995 1475 2088 quod
1497 1995 1595 2067 idem
1619 1989 1874 2067 monasterium
1891 1994 2114 2089 temporibus

659 2135 835 2205 unctionis
861 2142 899 2205 et
926 2134 1165 2205 coronationis
1195 2130 1315 2207 nostre
1339 2142 1378 2205 et
1403 2127 1567 2204 similiter
1593 2132 1818 2225 temporibus
1844 2134 2115 2227 progenitorum

658 2268 859 2343 nostrorum
883 2294 1025 2344 necnon
1049 2294 1115 2365 per
1139 2269 1273 2344 multas
1290 2280 1329 2343 et
1349 2270 1556 2379 frequentes
1580 2269 1875 2363 congregationes
1899 2269 2053 2365 grandes
2076 2280 2114 2342 et

658 2404 844 2504 populosas
871 2431 959 2501 quas
987 2432 1052 2503 pro
1077 2410 1179 2505 regni
1204 2409 1359 2504 negotiis
1384 2407 1518 2479 ibidem
1542 2406 1621 2477 fieri
1646 2413 1790 2499 oportet
1819 2416 1927 2499 prout
1955 2402 2009 2478 est
2036 2408 2114 2481 lieri

659 2545 872 2619 consuetum
897 2548 936 2617 in
961 2546 1031 2619 suis
1057 2547 1206 2619 edificiis
1227 2545 1345 2618 multa
1369 2540 1519 2617 sustinet
1544 2544 1773 2615 incommoda
1794 2552 1833 2614 et
1858 2566 1969 2617 onera
1991 2548 2114 2641 gravia

660 2683 897 2777 expensarum
936 2682 1114 2757 Volentes
1141 2685 1253 2778 igitur
1282 2684 1401 2755 eidem
1425 2677 1640 2753 monasterio
1670 2674 1716 2753 de
1744 2680 1865 2774 aliquo
1894 2681 2113 2755 relevamine

660 2821 847 2915 providere
864 2821 910 2893 ad
932 2821 1104 2892 honorem
1122 2820 1180 2893 dei
1198 2820 1458 2913 omnipotentis
1475 2827 1513 2889 et
1529 2826 1765 2911 augmentum
1791 2817 1912 2890 cultus
1936 2820 2049 2891 divini
2073 2821 2112 2893 in

660 2957 788 3029 eodem
817 2955 1032 3031 monasterio
1058 2958 1188 3029 suturis
1214 2957 1437 3051 temporibus
1461 2953 1657 3049 ampliandi
1681 2965 1721 3028 et
1750 2978 1815 3050 pro
1839 2957 1959 3029 anima
1987 2958 2046 3050 pie
2073 2968 2112 3030 et

660 3094 874 3168 excellentis
898 3095 1072 3167 memorie
1098 3093 1234 3166 domini
1259 3092 1498 3188 progenitoris
1519 3088 1630 3164 nostri
1653 3090 1869 3186 quiescentis
1893 3092 2027 3165 ibidem
2043 3092 2112 3167 Jus

657 3239 869 3324 patronatus
890 3227 1051 3305 Ecclesia
1078 3228 1201 3303 sonui
1228 3230 1347 3325 Egidij
1366 3231 1411 3302 de
1429 3227 1642 3325 Edinburgb
1659 3253 1702 3302 ac
1719 3252 1827 3302 omne
1844 3238 1883 3303 et
1898 3239 2019 3303 totuin
2042 3230 2067 3305 J
2070 3254 2111 3304 us

657 3368 753 3459 quod
771 3390 836 3441 nos
853 3366 912 3439 rel
930 3362 1188 3461 predecessores
1205 3363 1316 3437 nostri
1332 3369 1371 3437 iii
1389 3362 1463 3459 ipsa
1476 3362 1625 3440 ecclesia
1640 3367 1832 3440 habuimus
1845 3368 1903 3439 vel
1920 3368 2111 3461 aliquando
2143 3392 2148 3399 ·

656 3503 861 3575 habuerunt
885 3526 959 3574 una
983 3525 1066 3575 cuni
1092 3504 1196 3575 terris
1213 3511 1252 3573 et
1268 3497 1535 3609 possessionibus
1551 3526 1594 3575 ac
1613 3502 1694 3575 aliis
1717 3506 1947 3597 pertinentiis
1969 3504 2113 3597 quibus·

656 3662 812 3732 cunique
836 3638 883 3711 ad
908 3639 1057 3713 eandem
1090 3633 1277 3711 ecclesiam
1305 3636 1549 3733 spedantibus
1573 3639 1633 3711 rel
1657 3637 1815 3732 spedare
1840 3639 2043 3713 valentibus
2072 3644 2110 3715 in

656 3778 818 3848 futurum
842 3777 1022 3849 canonicis
1043 3777 1081 3847 in
1099 3774 1195 3849 dieto
1218 3770 1433 3847 monasterio
1456 3774 1525 3848 deo
1546 3772 1784 3847 servientibus
1800 3786 1839 3851 et
1855 3778 2110 3871 inperpetuum

655 3911 839 3984 servituris
856 3908 1118 3984 Consenoiente
1139 3910 1184 3982 ad
1205 3910 1275 3981 hoc
1291 3909 1507 3983 Reverendo
1523 3914 1563 3983 iii
1580 3907 1721 3984 Christo
1745 3920 1849 4006 patre
1866 3911 2034 3985 Waltero
2051 3914 2110 3986 dei

654 4052 771 4145 gratia
784 4046 959 4144 Episcopo
977 4046 1233 4120 Sanitiundree
1250 4048 1481 4120 concedimus
1497 4058 1536 4121 et
1551 4048 1710 4142 perfetta
1726 4050 1921 4122 donatione
1938 4049 2110 4145 largimur

656 4186 764 4259 Salvo
781 4183 920 4280 semper
939 4187 1022 4279 jure
1046 4178 1236 4278 cujussibet
1255 4184 1410 4257 ‘alterius
1425 4181 1575 4258 ecclesie
1593 4182 1652 4255 vel
1677 4183 1825 4279 persone
1842 4223 1853 4242 ·
1870 4185 1920 4259 Et
1936 4188 1982 4259 ad
1999 4188 2109 4261 finem

655 4325 750 4417 quod
768 4322 894 4397 Abbas
916 4318 1118 4415 monasterij
1138 4320 1288 4416 prodisti
1310 4323 1457 4394 nomine
1473 4320 1526 4393 sui
1542 4317 1746 4415 monasterij
1764 4323 1912 4415 prodidi
1930 4326 1969 4395 in
1985 4320 2110 4417 posses·

656 4456 754 4533 sione
779 4461 940 4555 plenaria
955 4460 1047 4553 juris
1069 4457 1274 4552 hujusmodi
1298 4456 1578 4533 constitueretur
1602 4458 1784 4532 Volumus
1801 4469 1840 4532 et
1857 4458 2110 4533 constituimus

655 4608 781 4671 tenore
806 4594 1026 4691 presentium
1049 4620 1092 4669 ac
1112 4596 1343 4669 concedimus
1367 4596 1462 4689 quod
1488 4592 1657 4690 magister
1671 4592 1830 4669 Jacobus
1854 4596 1987 4690 lyoune
2011 4622 2109 4670 nunc

656 4738 807 4808 vicarius
837 4730 985 4807 ecclesie
1017 4733 1197 4805 anteditte
1228 4733 1273 4804 de
1302 4742 1424 4804 cetero
1453 4729 1594 4804 Abbati
1624 4732 1669 4802 de
1699 4730 1819 4805 Souna
1847 4742 2020 4827 tanquam
2045 4731 2108 4806 suo

655 4882 806 4965 patrono
831 4874 869 4943 iii
895 4868 1061 4942 omnibus
1086 4878 1210 4963 pareat
1228 4878 1267 4942 et
1283 4869 1451 4941 intendat
1476 4866 1528 4939 Et
1549 4864 1656 4961 super
1671 4869 1740 4941 hoc
1755 4866 2005 4963 requisivimus
2030 4893 2110 4965 pie·

656 5008 771 5080 satum
797 5006 1033 5079 reverendum
1058 5012 1200 5099 patrem
1223 5002 1440 5100 Episcopum
1457 5000 1701 5079 sanuiandree
1727 5017 1906 5101 quatenus
1929 5011 2109 5101 prenomi-
