4917 6509
371 798 557 851 anemos.
573 800 630 849 111.
775 778 811 848 S.
838 776 1136 850 TRINITATIS
1163 778 1233 849 DE
1260 779 1407 852 SCON.

372 1113 479 1187 Bulla
492 1113 679 1186 Beneditti
698 1112 796 1207 Pape
814 1115 953 1207 dejure
970 1123 1181 1209 patronatus
1199 1111 1347 1186 ecclesie
1366 1116 1488 1218 Sautti
1508 1115 1628 1211 Egidii
1647 1157 1655 1173 ·

261 1342 344 1481 19is,
375 1368 605 1464 Benedittus
623 1388 818 1485 Episcopus
836 1387 970 1462 Servus
988 1388 1181 1461 Servorum
1208 1391 1265 1461 dei
1292 1388 1352 1461 Ad
1378 1401 1589 1485 perpetuam
1612 1395 1664 1464 rei
1691 1417 1827 1465 meruc-
1946 1310 2089 1491 ilfi<

372 1533 460 1601 riam
487 1528 570 1601 Hiis
596 1552 666 1621 que
691 1552 755 1621 pro
780 1528 941 1601 utilitate
966 1525 1262 1599 monasteriorum
1287 1537 1326 1599 et
1352 1527 1504 1599 aliorum
1527 1529 1687 1602 locorum
1713 1531 1827 1604 ecele-

371 1664 588 1739 siasticorum
607 1675 645 1737 et
663 1664 891 1759 personarum
910 1666 998 1738 inibi
1015 1662 1079 1737 sub
1096 1665 1252 1761 regulari
1269 1665 1395 1737 habitu
1413 1666 1559 1737 domino
1571 1668 1826 1740 famulantium

371 1805 519 1899 provide
549 1804 642 1877 satta
676 1800 759 1874 sunt
792 1812 834 1875 ut
859 1802 999 1875 illibata
1033 1799 1226 1875 consistant
1253 1803 1410 1876 libenter
1440 1804 1613 1876 adicimus
1640 1802 1824 1899 apostolici

372 1944 581 2014 muniminis
610 1942 818 2014 firmitatem
851 1940 1024 2013 Exhibita
1051 1936 1223 2033 siquidem
1256 1941 1359 2012 nobis
1388 1964 1453 2035 pro
1482 1950 1585 2034 parte
1615 1942 1826 2016 dileRorum

371 2082 526 2153 liliorum
557 2079 713 2151 Abbatis
747 2092 786 2149 et
816 2077 1028 2149 Conuentus
1064 2073 1273 2173 Monasterij
1306 2079 1350 2149 de
1386 2077 1505 2151 Scona
1538 2080 1672 2151 ordinis
1707 2079 1827 2155 saner

372 2212 567 2311 Augustini
585 2215 842 2288 SanRiandree
856 2211 1003 2285 diocesis
1016 2216 1147 2307 petitio
1160 2216 1372 2287 continebat
1385 2216 1480 2309 quod
1494 2239 1609 2311 nuper
1621 2213 1827 2290 cariffimus

373 2357 409 2425 iu
427 2349 568 2424 Christo
584 2352 680 2423 filius
698 2347 816 2423 noster
830 2350 1012 2423 Robertns
1030 2351 1111 2421 Rex
1131 2350 1340 2423 Scottorum
1357 2348 1503 2423 illustris
1521 2356 1713 2426 attendens
1731 2359 1827 2448 quod

372 2486 626 2563 monasterium
644 2489 759 2584 ipsum
778 2490 872 2581 quod
890 2486 987 2581 quasi
1005 2490 1041 2559 in
1060 2490 1178 2561 medio
1198 2489 1316 2584 Regni
1337 2488 1451 2571 scocie
1468 2488 1627 2564 consistit
1645 2496 1739 2566 etin
1757 2519 1827 2588 quo

373 2628 492 2725 Reges
519 2627 728 2700 Scottorum
755 2630 817 2720 qui
842 2629 988 2699 suerunt
1013 2650 1077 2720 pro
1105 2638 1269 2720 tempore
1292 2630 1454 2700 coronari
1479 2627 1743 2713 consueverunt
1768 2631 1827 2703 Ac
1902 2622 1912 2629 ⁵

374 2790 501 2861 corpus
524 2766 619 2838 clare
640 2768 812 2835 memorie
834 2764 985 2835 Roberti
1009 2760 1118 2858 ipsius
1140 2766 1235 2859 regis
1257 2767 1494 2861 progenitoris
1515 2767 1745 2839 inhumatum
1767 2794 1830 2841 ex-

374 2902 449 2975 istit
475 2904 628 2998 Propter
652 2924 800 2996 magnas
830 2910 869 2973 et
900 2898 1053 2973 diversas
1079 2910 1289 2996 magnatum
1315 2911 1352 2974 et
1378 2901 1568 2974 Nobilium
1600 2904 1687 2975 disti
1711 2904 1831 3001 Regni

374 3043 669 3135 congregationes
695 3063 765 3132 que
791 3040 999 3131 frequenter
1017 3036 1144 3133 inipso
1166 3036 1381 3110 monasterio
1406 3063 1472 3132 pro
1497 3042 1637 3134 magnis
1654 3050 1693 3111 et
1711 3012 1831 3114 arduis

375 3180 459 3250 ditti
489 3180 590 3274 regni
620 3178 775 3272 negotiis
809 3175 1005 3247 traRandis
1038 3174 1210 3247 haReuus
1239 3176 1333 3247 fiee
1363 3177 1512 3247 fuerunt
1541 3186 1581 3249 et
1607 3176 1725 3249 solent
1753 3181 1831 3252 fieri
1867 3187 1878 3211 '

374 3316 491 3387 inulta
507 3313 674 3385 sustinuit
691 3322 729 3385 et
747 3314 879 3385 cotidie
903 3308 1073 3383 sustinere
1099 3321 1242 3406 oportet
1267 3311 1503 3385 Incommode
1519 3324 1558 3385 et
1574 3300 1698 3411 gravia
1722 3340 1832 3389 onera

375 3453 610 3547 expensarum
639 3453 697 3525 Ae
715 3452 839 3523 volens
864 3458 1055 3545 propterea
1080 3450 1197 3521 eidem
1224 3446 1439 3521 monasterio
1466 3452 1511 3523 de
1534 3452 1655 3545 aliquo
1680 3452 1833 3527 subven-

376 3593 483 3663 tionis
500 3591 635 3680 auxilio
652 3590 840 3683 providere
856 3587 924 3659 Jus
942 3596 1153 3682 patronatus
1170 3586 1383 3679 parochialis
1401 3583 1550 3660 ecclesie
1568 3589 1691 3662 saner
1712 3590 1830 3688 Egidij

376 3729 420 3798 de
439 3727 650 3821 Edinburgh
678 3727 836 3819 preditte
862 3721 1010 3796 diocesis
1036 3724 1131 3816 quod
1149 3724 1194 3795 ad
1212 3722 1326 3817 ipsum
1345 3724 1485 3819 Regem
1511 3736 1600 3799 tnnc
1625 3703 1832 3821 pertinebat

376 3888 457 3935 cum
486 3865 652 3936 omnibns
681 3866 785 3934 terris
815 3858 1080 3957 possessionibus
1108 3885 1150 3933 ac
1172 3860 1316 3953 juribus
1345 3871 1384 3932 et
1413 3865 1643 3954 pertiuentiis
1673 3863 1832 3957 ejusdem

376 4003 471 4073 dieo
487 3998 702 4073 monasterio
719 4024 761 4072 ao
779 4001 959 4071 canonicis
985 3998 1119 4069 ibidem
1144 3994 1382 4067 servientibus
1400 4006 1438 4067 et
1455 4007 1631 4091 perpetuo
1647 3997 1832 4073 servituris

325 4153 330 4167 '
376 4134 544 4210 concessit
570 4137 749 4229 Quodque
774 4113 999 4231 postmodum
1019 4131 1232 4205 venerabilis
1257 4132 1368 4204 frater
1391 4129 1512 4203 noster
1529 4133 1717 4205 Walterus
1744 4137 1833 4230 epis-

376 4298 486 4369 eopus
512 4272 771 4347 Sanstiandree
796 4275 857 4366 qui
884 4275 994 4344 etiam
1020 4264 1233 4344 concessioni
1259 4267 1461 4363 hujusmodi
1487 4272 1700 4344 interfuerat
1721 4284 1759 4345 et
1787 4276 1833 4346 ad

377 4435 454 4485 eam
480 4409 582 4483 suum
610 4412 801 4505 prebuerat
827 4406 1000 4482 assensum
1026 4407 1250 4502 perpendens
1276 4405 1512 4479 incommoda
1528 4417 1566 4479 et
1583 4432 1693 4481 onera
1712 4409 1833 4505 supra·

378 4549 471 4621 ditia
489 4544 685 4621 Ecclesiam
704 4544 813 4641 ipsam
834 4548 950 4618 eidem
969 4542 1183 4617 monasterio
1202 4545 1247 4614 de
1261 4541 1431 4616 consensu
1449 4544 1662 4619 dilestorum
1675 4547 1832 4619 filiorum

376 4686 525 4782 capituli
543 4681 690 4758 ecclesie
709 4684 965 4758 Santtiandree
983 4680 1173 4754 Annexuit
1191 4691 1229 4753 et
1243 4683 1361 4752 univit
1379 4692 1486 4775 prout
1502 4685 1540 4753 in
1557 4685 1642 4754 inde
1660 4684 1832 4757 contestis

377 4825 596 4917 prefatorum
622 4824 715 4917 regis
740 4830 778 4893 et
796 4818 961 4914 Episcopi
980 4828 1018 4890 et
1036 4818 1183 4912 capituli
1202 4814 1326 4914 sigillis
1352 4815 1499 4914 signatis
1524 4818 1655 4890 litteris
1681 4843 1832 4913 quarum

275 4984 276 4989 ’
376 4974 519 5033 tenores
545 4961 590 5033 de
614 4960 722 5030 verbo
748 4958 965 5030 adverbum
991 4954 1216 5049 presentibus
1243 4952 1348 5027 inseri
1375 4956 1526 5026 lecimus
1550 4955 1692 5048 plenius
1718 4961 1833 5029 conti·
