4917 6509
630 855 698 920 100
1137 845 1295 917 LIBER
1321 846 1571 919 ECOLESIE
1904 870 1981 923 sac.
1999 870 2082 922 xiv.

629 1082 729 1130 emus
759 1059 900 1151 plenius
930 1058 1074 1131 alloeari
1125 1058 1169 1129 In
1200 1061 1302 1131 cuius
1328 1062 1381 1131 rei
1411 1057 1660 1131 testimonium
1687 1061 1750 1133 has
1779 1061 1921 1135 litteras
1950 1059 2086 1135 nostras

628 1206 795 1289 patentes
829 1198 867 1267 in
903 1208 1117 1290 perpetuum
1155 1197 1344 1269 duraturas
1377 1192 1510 1267 eisdem
1546 1191 1718 1290 religiosis
1752 1197 1904 1269 fecimus
1943 1198 2087 1270 liberari

631 1332 768 1405 Datum
785 1333 898 1427 Apud
917 1333 1028 1405 Perth
1047 1327 1124 1427 xiij⁰
1141 1334 1200 1405 die
1218 1332 1386 1407 Oeonas
1401 1334 1513 1405 Anno
1533 1337 1634 1429 regni
1656 1331 1766 1406 nostri
1784 1334 1900 1407 Sexto
1917 1336 2059 1409 decimo
2074 1378 2084 1393 ·

629 1609 739 1680 Carta
757 1610 907 1681 Roberti
926 1609 1037 1705 Regis
1063 1610 1109 1681 de
1133 1610 1274 1683 decima
1298 1610 1568 1682 amerciamenti
1594 1611 1639 1681 ad
1656 1611 1828 1684 fabricam
1852 1610 2086 1706 persolvenda

630 1744 777 1819 ecclesie
795 1749 839 1820 de
857 1747 1000 1820 Scena-

538 2024 604 2093 136
632 2001 826 2097 Robertus
845 2025 902 2095 dei
920 2024 1048 2097 Gratia
1060 2024 1142 2094 Rex
1160 2022 1369 2095 Scottorum
1388 2026 1590 2096 vicecomiti
1609 2034 1648 2096 et
1664 2024 1807 2098 ballivis
1824 2024 1896 2099 suia
1913 2029 1960 2100 de
1972 2028 2084 2100 Pertlr

630 2165 690 2255 qui
708 2186 771 2255 pro
789 2172 951 2256 tempore
968 2163 1103 2233 suerint
1121 2158 1275 2233 salntem
1312 2161 1487 2247 Quamvis
1504 2160 1715 2256 quibusdam
1731 2162 1889 2259 personis
1902 2190 1949 2238 ex
1966 2165 2086 2239 nostra

627 2302 747 2395 gracia
776 2298 919 2392 speciali
950 2294 1206 2369 Remiffionem
1237 2300 1460 2391 quorundam
1486 2295 1630 2371 suornm
1661 2303 2021 2375 amerciamentorum
2046 2306 2085 2374 iu

629 2440 757 2531 quibus
774 2462 892 2509 coram
910 2434 1103 2509 iusticiario
1128 2434 1249 2507 nostro
1275 2462 1323 2509 ex
1348 2447 1450 2531 parte
1474 2437 1601 2510 boriali
1627 2440 1735 2511 maris
1751 2436 1865 2512 scocie
1887 2464 2028 2513 necnon
2045 2452 2084 2513 et

628 2577 839 2647 vicecomite
868 2572 987 2647 nostro
1022 2576 1066 2645 de
1098 2574 1209 2645 Parth
1244 2574 1461 2647 multociens
1495 2571 1729 2648 conceffimus
1758 2576 1926 2651 volumus
1958 2582 2086 2673 utique

628 2715 722 2807 quod
753 2709 991 2806 unusquisque
1020 2714 1082 2805 qui
1112 2734 1233 2784 coram
1264 2711 1385 2806 aliquo
1414 2709 1615 2784 nostrorum
1645 2711 1888 2786 ministrorum
1923 2718 1961 2787 in
1990 2720 2086 2791 vice·

628 2854 804 2923 comitatu
829 2852 875 2923 de
893 2851 1005 2922 Perth
1022 2852 1060 2920 in
1079 2847 1199 2943 aliquo
1217 2847 1338 2922 nostro
1355 2852 1636 2923 amerciamento
1660 2852 1829 2924 inciderit
1846 2862 1885 2925 et
1900 2856 1939 2924 in
1956 2858 2084 2927 eodem

628 2988 912 3085 condempnatus
930 2989 1038 3061 fuerit
1064 2989 1159 3081 quod
1185 2986 1276 3059 illud
1301 2989 1622 3060 amerciamentum
1646 3010 1712 3081 per
1736 2984 1916 3061 remissum
1939 3001 2083 3064 tantum

627 3128 743 3220 quoad
760 3150 825 3197 nos
844 3128 916 3196 vim
934 3134 1059 3198 teneat
1110 3124 1158 3197 Et
1176 3126 1272 3218 quod
1291 3126 1431 3197 decima
1450 3126 1534 3196 inde
1552 3127 1766 3219 proveniens
1781 3150 1848 3221 per
1863 3150 1927 3199 vos
1943 3128 2085 3201 levetur

627 3273 665 3335 et
682 3263 816 3336 fabrice
833 3260 981 3336 ecclesie
999 3264 1044 3335 de
1062 3262 1181 3335 Scona
1206 3262 1432 3358 integraliter
1456 3260 1678 3356 persolvatur
1693 3265 1732 3335 in
1748 3273 1966 3359 perpetuum
1983 3267 2083 3340 nulla

627 3401 697 3473 alia
722 3374 938 3496 allegatione
964 3400 1186 3493 impediente
1237 3398 1395 3471 Tantum
1420 3401 1506 3471 inde
1531 3423 1578 3471 ne
1603 3401 1649 3473 ab
1666 3399 1813 3474 Abbate
1838 3411 1878 3475 et
1900 3415 2083 3477 conventu

557 3568 573 3591 ·
627 3540 672 3611 de
692 3538 810 3611 Scona
827 3562 891 3632 pro
909 3538 1052 3607 defedu
1069 3531 1185 3606 vestro
1202 3532 1332 3609 iustam
1349 3540 1609 3629 querimoniam
1627 3562 1700 3610 non
1717 3541 1905 3613 audiamus
1943 3540 2083 3613 Datum

628 3676 738 3769 Apud
757 3675 879 3746 dunde
897 3673 1000 3745 1111ο
1018 3674 1075 3743 die
1094 3672 1312 3744 Novembris
1329 3672 1440 3745 Anno
1457 3677 1558 3769 regni
1575 3671 1684 3746 nostri
1702 3672 1870 3749 vicesimo
1885 3680 2001 3772 primo
2020 3720 2027 3736 ·

628 3951 845 4044 Preceptum
866 3950 1018 4021 Roberti
1040 3948 1151 4044 Regis
1176 3970 1222 4019 ne
1248 3959 1344 4021 terre
1370 3946 1632 4044 Religiosorum
1659 3952 1705 4023 de
1731 3951 1850 4025 Scona
1875 3954 2082 4028 nullatenus

627 4090 721 4161 infra
737 4086 893 4160 Balliam
911 4088 956 4160 de
974 4086 1082 4159 forfar
1099 4095 1296 4158 onerentur
1312 4128 1320 4143 ·

536 4361 604 4431 137
631 4342 826 4438 Robertus
844 4364 903 4435 dei
921 4362 1049 4434 Gratia
1063 4360 1144 4433 Rex
1163 4360 1372 4433 Scottomm
1390 4364 1594 4435 vicecomiti
1612 4376 1650 4435 et
1668 4365 1808 4438 ballivis
1826 4365 1897 4441 suis
1914 4370 1960 4441 de
1976 4371 2085 4444 sorsar

628 4503 780 4577 salutem
809 4501 1021 4573 mandamus
1047 4500 1147 4571 vobis
1174 4508 1212 4571 et
1241 4500 1458 4594 precipimus
1487 4511 1667 4595 quatenus
1695 4514 1809 4577 terras
1837 4504 2082 4603 religiosorum

628 4644 784 4713 virorum
811 4638 951 4711 abbatis
968 4647 1006 4708 et
1023 4648 1223 4709 conventus
1240 4638 1286 4709 de
1303 4636 1422 4709 Scona
1446 4661 1533 4731 quas
1559 4650 1687 4713 tenent
1704 4645 1742 4713 in
1759 4666 1886 4737 puram
1903 4655 1942 4717 et
1957 4670 2083 4740 perpe·

629 4794 729 4852 tuam
755 4773 986 4851 elemosinam
1011 4777 1105 4847 infra
1121 4774 1278 4847 Balliam
1303 4776 1341 4846 11
1367 4775 1545 4868 aliquibus
1570 4775 1671 4871 prisis
1696 4784 1926 4875 capcionibus
1950 4792 2083 4855 marto-

628 4942 707 4989 rum
734 4938 907 5009 equorum
933 4914 1076 5009 cariagij
1095 4914 1300 4986 niultonum
1317 4912 1486 4985 socelium
1512 4918 1631 4988 autin
1648 4918 1745 4991 Aliis
1761 4918 1918 4993 serviciis
1944 4922 2086 5014 quibus·

627 5078 783 5148 cumque
809 5077 874 5124 nos
900 5052 1195 5147 cdntingentibus
1218 5051 1427 5124 nullatenus
1452 5056 1609 5125 oneratis
1634 5051 1700 5126 nifi
1726 5080 1837 5150 quum
1862 5058 1950 5131 alias
1972 5068 2086 5133 terras
