4917 6509
691 798 736 864 10
1199 788 1358 863 LIBER
1381 786 1631 864 ECOLESIE
1978 810 2053 863 sac.
2072 811 2143 863 x11.

690 992 813 1083 itaque
830 938 991 1063 fidelium
1009 1010 1172 1062 meorum
1188 988 1283 1063 bano
1300 1012 1425 1063 eorum
1448 988 1655 1063 libertatem
1680 984 1860 1081 presumat
1886 982 2016 1061 callare
2039 988 2145 1083 super

691 1125 909 1200 forillattum
933 1148 1058 1199 meum
1108 1123 1274 1201 'festibus
1298 1125 1494 1223 Engelram
1511 1124 1725 1201 cancellario
1743 1124 1911 1199 Waltero
1934 1126 2009 1198 filio
2033 1125 2144 1199 Alani

692 1264 850 1358 dapifero
900 1264 1012 1360 Apud
1031 1262 1240 1338 Striueline.

692 1538 802 1615 Carta
819 1538 1008 1612 Malcolmi
1026 1536 1138 1634 Regis
1156 1538 1201 1611 de
1218 1540 1359 1611 decima
1376 1538 1603 1612 Venetianis.

624 1778 680 1891 10⁴
695 1792 931 1889 Malcolmus
949 1815 1032 1887 Rex
1050 1812 1261 1887 Scottorum
1278 1812 1453 1887 uniuersas
1469 1814 1591 1909 probis
1607 1814 1813 1887 bominibus
1830 1816 1944 1887 totins
1969 1825 2066 1889 terre
2083 1815 2147 1889 sue

691 1953 846 2027 salutem
898 1950 1025 2027 Sciant
1042 1952 1163 2025 clerici
1180 1962 1220 2025 at
1237 1952 1321 2026 laici
1337 1954 1502 2025 moderni
1520 1963 1561 2025 et
1577 1949 1709 2047 posteri
1726 1951 1910 2047 presentes
1927 1962 1967 2026 et
1983 1954 2148 2027 absentes

692 2114 752 2165 me
766 2086 966 2165 concellille
984 2099 1022 2163 et
1039 2088 1173 2163 dodillo
1190 2099 1229 2163 et
1244 2090 1314 2165 hac
1338 2113 1421 2163 mea
1443 2099 1544 2163 carta
1559 2087 1781 2163 confirmalle
1798 2092 1836 2163 in
1852 2101 2067 2186 perpetuam
2084 2093 2150 2164 eli-

693 2227 866 2302 mosinam
885 2227 965 2299 Deo
983 2237 1022 2301 et
1048 2224 1196 2301 ecclefie
1221 2226 1342 2301 sance
1366 2229 1541 2301 trinitatis
1566 2230 1614 2301 de
1639 2228 1737 2301 Scon
1754 2236 1793 2301 et
1810 2230 1992 2302 canonicis
2014 2230 2149 2302 ibidem

660 2434 662 2437 ,
695 2368 775 2439 Deo
805 2366 1046 2439 seruientibus
1074 2364 1253 2437 decimam
1286 2368 1400 2439 totins
1433 2389 1515 2439 mee
1542 2368 1745 2440 venationis
1771 2367 1818 2439 ad
1845 2367 1995 2439 domum
2029 2389 2149 2439 meam

695 2507 874 2579 venientis
892 2528 939 2577 ex
957 2503 1153 2598 aquilonali
1169 2513 1275 2597 parto
1292 2505 1338 2578 de
1355 2502 1420 2577 Tei
1439 2504 1619 2577 Prohibeo
1636 2506 1762 2598 itaque
1776 2528 1825 2577 ne
1842 2506 2035 2598 quicquam
2051 2504 2151 2577 illins

695 2646 833 2717 decime
851 2645 902 2716 eis
920 2645 1127 2717 detineatur
1143 2640 1250 2737 super
1267 2631 1408 2716 firmam
1422 2639 1667 2715 defensionem
1683 2664 1804 2718 meam
1841 2639 2007 2715 Testibns
2016 2642 2152 2740 111311-

693 2804 770 2855 ram
804 2780 1017 2855 cancellario
1047 2778 1215 2853 Woltero
1241 2780 1316 2852 lilio
1349 2778 1462 2853 Alani
1497 2779 1658 2875 dapifero
1693 2779 1877 2854 Waldeuo
1904 2782 1980 2853 filio
2006 2785 2151 2856 comitis

695 2917 909 3014 Gospatricii
926 2916 1117 2991 Willelmo
1134 2928 1325 3013 carpentes
1341 2916 1530 2993 Gillandro
1547 2918 1622 2992 lilio
1640 2918 1780 2993 Alfwin
1832 2920 1945 3015 Apud
1963 2919 2088 2993 Perth.

695 3194 805 3269 Carta
823 3192 1014 3267 Malcolmi
1032 3193 1145 3290 Regis
1161 3191 1269 3289 super
1285 3194 1426 3267 decima
1441 3192 1604 3267 redditus
1621 3194 1805 3269 frumenti.

627 3423 676 3545 Hp
699 3445 936 3541 Malcolmns
954 3466 1036 3540 Rex
1057 3466 1268 3539 Scottorum
1285 3468 1453 3539 omnibus
1470 3468 1591 3561 probis
1606 3468 1815 3542 bominibus
1840 3472 1955 3543 totius
1975 3480 2071 3544 terre
2088 3472 2151 3545 sue

694 3607 848 3680 salutem
898 3603 1030 3678 Sciatis
1046 3626 1106 3677 me
1124 3598 1325 3675 conoeffille
1341 3625 1406 3697 pro
1431 3625 1514 3675 mea
1530 3613 1569 3676 et
1586 3627 1650 3697 pro
1667 3606 1869 3677 animarum
1893 3604 2153 3681 antecellorum

695 3765 859 3817 meorum
876 3740 991 3814 salute
1009 3736 1157 3813 eoclefie
1175 3739 1308 3813 Sanite
1324 3739 1512 3814 Trinitatis
1530 3742 1575 3813 de
1592 3740 1690 3813 Soon
1706 3752 1747 3814 et
1759 3740 1898 3817 Abbati
1915 3752 1954 3816 et
1970 3747 2153 3819 canonicis

694 3885 745 3956 ibi
760 3882 841 3955 Deo
857 3879 1098 3954 seruientibus
1116 3886 1233 3950 totam
1251 3878 1428 3950 decimam
1439 3880 1512 3949 mei
1524 3877 1687 3951 redditus
1700 3880 1874 3954 frumenti
1888 3882 1934 3955 de
1946 3880 2153 3979 fforgrunde

697 4021 748 4093 Et
773 4017 799 4091 fi
825 4017 1031 4114 fforgrunde
1056 4018 1102 4089 ad
1128 4015 1219 4089 alius
1245 4016 1344 4088 modi
1360 4016 1501 4089 11111111
1526 4012 1642 4110 polita
1657 4018 1769 4090 fuerit
1794 4019 1972 4093 decimam
1989 4017 2153 4096 fimiliter

695 4157 918 4254 iplinsiirmc
928 4157 967 4227 in
977 4163 1190 4250 perpetuam
1201 4151 1425 4227 elimosinam
1459 4152 1632 4227 Preteraa
1648 4157 1701 4228 eis
1717 4156 1756 4227 in
1766 4167 1984 4251 perpetuum
1993 4160 2152 4233 concedo

697 4308 736 4369 11
753 4296 923 4369 confirmo
942 4294 1005 4366 has
1023 4293 1210 4365 libertates
1228 4316 1275 4363 ne
1293 4293 1373 4385 quia
1390 4292 1572 4365 consuetb
1589 4294 1709 4389 capiat
1725 4292 1973 4388 lupercorum
1990 4296 2153 4369 homines

698 4448 736 4507 et
753 4444 868 4507 terras
889 4427 955 4503 nifi
979 4454 1044 4526 per
1070 4429 1226 4525 ipsorum
1253 4432 1507 4503 canonicorum
1524 4429 1710 4503 licentiam
1727 4440 1767 4503 et
1784 4440 1826 4503 ut
1842 4428 1908 4526 ipfi
1934 4435 2097 4507 canonici
2114 4444 2154 4506 ct

698 4594 822 4647 eorum
847 4570 1012 4643 homines
1029 4570 1322 4643 communionem
1344 4566 1465 4662 pascui
1489 4567 1649 4640 habeant
1665 4563 1830 4641 similiter
1846 4591 1930 4641 cum
1946 4570 2153 4644 hominibus

699 4712 790 4782 meis
816 4718 855 4781 et
876 4707 1081 4799 vbicunque
1105 4726 1229 4779 eorum
1259 4705 1424 4779 homines
1448 4714 1489 4777 et
1517 4713 1614 4778 terre
1639 4705 1798 4780 confines
1820 4707 1956 4779 fisennt
1984 4710 2153 4783 maneriis

698 4850 787 4919 meis
836 4840 1001 4917 Testibus
1019 4841 1214 4938 Engelram
1231 4840 1445 4915 cancellario
1457 4839 1625 4915 Waltero
1642 4840 1716 4916 lilio
1734 4842 1845 4917 Alani
1864 4844 2023 4940 dapifero
2042 4844 2154 4919 Nico·

698 4985 768 5058 laio
784 4983 977 5059 camerario
1027 4978 1139 5073 Apud
1156 4976 1362 5053 Striueline.
