4917 6509
333 858 419 909 nno.
435 858 519 909 uu..
741 838 779 911 S.
805 836 1101 912 TRINITATIS
1128 838 1197 909 DE
1223 836 1369 912 SCON.

334 1175 444 1247 Carta
461 1174 649 1249 Malcolmi
668 1174 779 1271 Regis
797 1177 843 1248 de
860 1175 1079 1271 collegendis
1096 1176 1251 1248 auxiliis.

264 1414 570 1525 17‘Ma1001mus
596 1451 678 1523 Rex
700 1450 912 1525 Scottorum
930 1452 975 1525 G.
999 1453 1123 1523 comiti
1150 1452 1194 1523 de
1215 1450 1346 1547 Angue
1371 1462 1410 1524 et
1433 1455 1488 1536 a).
1510 1453 1713 1525 vicecomiti
1738 1454 1783 1523 de

333 1589 458 1662 Forsan
474 1597 513 1661 et
534 1586 577 1659 E.
596 1590 799 1663 vicecomiti
821 1590 867 1661 de
889 1589 986 1663 Scon
1007 1588 1161 1663 salutem
1212 1588 1345 1663 Sciatis
1367 1592 1463 1684 quod
1488 1588 1639 1664 concessu
1661 1592 1783 1663 abbati

331 1730 376 1799 de
403 1712 500 1801 Scon
521 1726 691 1822 colligere
716 1727 852 1800 auxilia
874 1728 920 1800 de
942 1728 1106 1822 pecuniis
1126 1725 1198 1799 suis
1226 1750 1292 1821 per
1317 1727 1398 1801 suos
1421 1731 1582 1824 proprios
1605 1726 1783 1801 ministros

329 1865 452 1950 Quare
462 1866 613 1937 firmiter
625 1866 797 1959 prohibeo
810 1872 850 1937 vt
862 1888 935 1937 non
949 1867 1103 1938 veniatis
1120 1866 1159 1936 in
1176 1875 1291 1938 terras
1307 1866 1353 1939 ad
1366 1868 1525 1962 prediita
1538 1867 1673 1939 auxilia
1685 1867 1784 1940 colli-

329 2004 448 2097 gendo
481 1999 646 2075 Testibus
656 2001 850 2099 Engelram
862 2002 1077 2076 cancellario
1089 2002 1270 2076 Nioholao
1281 2007 1475 2077 camerario
1505 2004 1616 2100 Apud
1628 2005 1750 2077 Perth.

331 2279 441 2351 Bulla
456 2279 736 2352 confirmationis
753 2277 955 2352 Alexandri
969 2302 1062 2374 pape
1079 2280 1179 2352 tertii
1197 2279 1525 2354 Roberto-Abbati.

262 2534 319 2636 18⁴
330 2533 553 2629 Alexander
570 2552 765 2649 Episcopus
782 2551 905 2627 seruus
922 2551 1105 2625 seruorum
1124 2555 1182 2627 dei
1196 2554 1336 2627 diledcis
1357 2555 1441 2627 filiis
1458 2555 1620 2627 Roberto
1648 2554 1785 2628 Abbati

333 2690 480 2768 ecclesie
496 2696 608 2767 beati
639 2691 834 2765 Michaelis
860 2693 905 2763 de
931 2690 1049 2767 Scona
1075 2686 1220 2785 eiusque
1251 2693 1422 2765 iratribus
1451 2702 1527 2767 tam
1559 2692 1785 2788 presentibus

330 2857 437 2927 quam
460 2834 593 2905 futuris
610 2830 828 2927 Regularem
846 2830 958 2901 vitam
981 2826 1141 2924 profeffis
1192 2828 1238 2901 In
1265 2842 1481 2925 perpetuum
1508 2834 1568 2925 pie
1592 2828 1785 2925 postulatio

330 2973 528 3045 voluntatis
551 2970 817 3055 effedudebet
842 2965 1079 3061 prosequente
1104 2968 1276 3062 compleri
1300 2979 1341 3039 vt
1366 2969 1571 3041 deuotionis
1596 2971 1785 3042 cinceritas

330 3108 560 3184 laudabiliter
584 3104 758 3207 enitescat
788 3115 827 3177 et
857 3105 995 3177 utilitas
1024 3102 1205 3198 postulata
1232 3106 1325 3177 vires
1355 3106 1604 3177 indubitanter
1635 3102 1786 3177 assumat

331 3248 533 3342 Eapropter
549 3246 671 3317 dileiti
688 3246 725 3315 in
743 3242 888 3316 domino
905 3243 971 3314 filii
988 3239 1113 3315 vestris
1138 3238 1240 3314 iustis
1263 3238 1563 3335 postulationibus
1588 3240 1787 3316 clementer

330 3388 523 3460 annuimus
540 3394 579 3457 et
595 3384 773 3478 prefatam
793 3376 979 3455 ecclesiam
997 3382 1035 3451 in
1053 3402 1124 3471 qua
1149 3380 1273 3451 diuino
1296 3380 1492 3472 mancipati
1516 3374 1600 3451 asiis
1616 3376 1785 3473 obsequio

331 3524 395 3597 sub
424 3526 522 3598 beati
553 3524 648 3617 petri
679 3532 718 3593 et
746 3515 866 3593 nostra
895 3520 1119 3614 protectione
1148 3513 1357 3610 suscipimus
1386 3523 1425 3587 et
1458 3513 1634 3609 presentis
1662 3514 1784 3611 scripti

330 3663 519 3758 priuilegio
543 3662 807 3734 communimus
856 3654 903 3728 In
919 3658 1043 3752 primis
1059 3651 1235 3747 fiquidem
1261 3651 1462 3726 statuentes
1478 3663 1520 3725 vt
1537 3654 1623 3725 ordo
1641 3658 1785 3727 canoni-

332 3826 394 3875 cus
412 3803 474 3895 qui
491 3796 688 3874 secundum
707 3799 815 3869 deum
833 3806 871 3868 et
888 3798 986 3870 beati
1004 3790 1200 3889 Augustini
1218 3790 1399 3887 Regulam
1425 3793 1463 3862 in
1489 3792 1616 3864 eadem
1636 3789 1785 3865 ecclesia

331 3938 516 4013 institutus
549 3936 619 4011 ell'e
653 3934 848 4009 dinoscitur
874 3933 1058 4029 perpetuis
1093 3931 1228 4003 ibidem
1267 3930 1490 4023 temporibus
1527 3930 1784 4003 inuiolabiliter

331 4076 541 4151 obsemetur
574 4072 803 4170 quascunque
832 4082 997 4168 preterea
1033 4062 1259 4164 poffeffiones
1290 4090 1504 4160 quecunque
1533 4068 1628 4138 bona
1656 4069 1782 4139 eadem

331 4209 480 4287 ecolefia
511 4215 550 4285 in
578 4207 837 4305 presentiarum
875 4205 966 4279 iuste
996 4215 1035 4279 et
1065 4207 1236 4278 canonice
1265 4200 1417 4299 possidet
1449 4214 1513 4276 aut
1548 4208 1585 4276 in
1619 4205 1782 4277 buturum

330 4345 552 4425 concessione
572 4348 784 4444 pontificum
807 4345 999 4441 largitione
1025 4343 1168 4437 Regum
1186 4340 1245 4413 vel
1261 4342 1464 4436 principum
1490 4339 1678 4412 oblacione
1695 4341 1782 4411 fide·

331 4490 421 4561 lium
453 4486 515 4561 seu
549 4486 628 4559 aliis
656 4480 758 4557 iustis
773 4518 776 4527 λ
792 4481 908 4554 modis
940 4476 1123 4575 prestante
1156 4479 1303 4550 domino
1333 4478 1468 4571 poterit
1501 4473 1647 4571 adipisci
1680 4477 1782 4547 firma
1937 4556 1943 4570 ,

332 4626 433 4715 vobis
461 4621 654 4717 vestrisque
688 4618 939 4695 successoribus
959 4630 997 4690 et
1026 4616 1166 4690 illibata
1194 4625 1430 4710 permaneant
1480 4613 1682 4707 inquibus
1711 4614 1781 4685 hec

329 4764 481 4859 propriis
502 4762 672 4835 duximus
688 4756 924 4863 exprimenda
948 4753 1131 4827 vocabulis
1186 4752 1244 4825 Ex
1262 4753 1356 4824 dono
1374 4751 1575 4827 Alexandri
1600 4752 1781 4844 quondam

331 4902 443 4998 Regis
482 4901 675 4974 Scotorum
713 4894 890 4969 Iunerbos
928 4916 1011 4965 cum
1049 4890 1187 4986 septem
1226 4892 1402 4964 carucatis
1441 4902 1538 4963 terre
1575 4888 1779 4960 Benchorin

331 5063 414 5114 cum
440 5040 555 5113 tribus
590 5002 780 5111 omentis
798 5032 968 5106 ffotheros
1006 5054 1088 5104 oum
1124 5042 1195 5103 ‘vna
1228 5039 1396 5103 carucata
1428 5039 1525 5100 terre
1559 5026 1780 5121 Kynuchred

745 5388 760 5473 l
