4917 6509
356 882 443 933 une.
455 882 540 935 aon.
554 883 611 935 111.
768 860 807 935 S.
833 860 1129 935 TRINInATIS
1156 861 1226 934 DE
1252 862 1400 937 scoN.
1743 874 1812 945 149

355 1068 481 1131 natum
498 1055 709 1156 magistrum
725 1057 750 1132 J
752 1059 903 1131 acobnm
922 1070 1092 1152 tanquam
1112 1058 1357 1153 presentatum
1380 1056 1489 1155 ipsius
1507 1061 1663 1136 Abbatis
1679 1065 1810 1137 admit·

355 1206 450 1269 teret
467 1198 559 1269 etin
577 1191 758 1290 posterum
774 1204 959 1291 reputaret
976 1196 1105 1288 quibus
1122 1196 1289 1267 omnibns
1305 1197 1402 1268 idem
1418 1195 1603 1291 episcopus
1619 1202 1810 1273 auctorita·

355 1343 430 1406 tem
443 1334 589 1427 prebuit
606 1342 644 1405 et
661 1329 869 1405 consensum
887 1330 933 1403 In
950 1332 1052 1425 cujus
1068 1335 1120 1405 rei
1137 1330 1382 1406 testimoninm
1400 1331 1556 1429 presenti
1574 1346 1673 1408 carte
1689 1335 1809 1410 nostre

355 1466 515 1541 nostrum
539 1471 764 1563 precepimus
789 1470 920 1563 apponi
946 1467 1116 1563 Sigillum
1135 1466 1301 1542 Testibus
1318 1472 1582 1543 venerabilibus
1607 1474 1646 1543 in
1667 1472 1807 1545 Christo

354 1607 515 1700 patribus
533 1606 700 1679 Waltero
724 1617 763 1680 et
780 1605 935 1679 Matheo
963 1603 1219 1679 Sanctiandree
1247 1615 1285 1679 et
1311 1604 1541 1703 Glasguensis
1567 1606 1807 1683 Ecclesrarum

353 1741 525 1838 episcopis
550 1745 693 1816 roberto
719 1746 853 1816 comite
878 1744 923 1815 de
948 1741 1006 1835 fys
1026 1752 1064 1815 et
1090 1744 1135 1815 de
1157 1744 1325 1815 menteth
1349 1743 1461 1815 fratre
1487 1740 1606 1816 nostro
1633 1744 1807 1818 carissimo

354 1880 576 1953 Archibaldo
599 1882 732 1952 comite
756 1879 802 1952 de
823 1876 984 1973 Douglas
1007 1879 1152 1951 domino
1178 1881 1223 1952 de
1248 1880 1404 1975 galvidia
1423 1879 1562 1953 Jacobo
1587 1882 1633 1954 de
1659 1883 1808 1978 douglas

353 2019 499 2089 domino
529 2017 575 2088 de
603 2015 765 2089 Dalketb
794 2014 932 2087 Thema
961 2015 1006 2087 de
1037 2013 1175 2111 Erskyn
1204 2016 1477 2112 consanguineis
1510 2014 1639 2089 nostris
1667 2020 1807 2092 dsseun

351 2152 529 2226 militibus
546 2163 585 2225 et
601 2152 813 2225 Alexandro
830 2153 877 2224 de
894 2151 1091 2225 Cokburne
1108 2153 1153 2225 de
1170 2152 1368 2248 langtoune
1385 2149 1530 2226 custode
1547 2157 1668 2250 magni
1689 2153 1808 2250 Sigilli

352 2287 462 2361 nostri
492 2289 604 2384 Apud
637 2288 849 2385 Edinburgh
879 2285 1023 2361 'decimo
1054 2290 1182 2382 quinto
1215 2290 1274 2361 die
1303 2286 1434 2362 mensis
1463 2291 1663 2365 decembris
1695 2291 1807 2363 Auno

350 2428 470 2521 gracie
486 2420 675 2498 millesimo
693 2423 947 2499 trecentesimo
964 2420 1195 2521 nonogesimo
1207 2426 1330 2499 Tertio
1348 2426 1399 2498 Et
1414 2429 1517 2522 regni
1534 2424 1644 2499 nostri
1657 2439 1806 2521 quarto·

350 2700 549 2775 consensus
575 2696 734 2775 Walteri
765 2696 919 2795 episcopi
949 2698 1206 2773 Sandiandree
1235 2700 1281 2772 de
1304 2701 1388 2793 jure
1416 2710 1629 2794 patronatus
1658 2701 1806 2776 ecclesie

351 2839 475 2912 sanci
497 2837 644 2935 Egidii·

296 3168 303 3184 .
356 3090 552 3189 Universis
580 3111 713 3191 Sanste
739 3111 865 3182 matris
890 3104 1037 3182 ecclesie
1063 3109 1146 3181 filiis
1174 3110 1221 3181 ad
1249 3131 1402 3201 quorum
1427 3111 1597 3182 notitiam
1621 3108 1806 3205 presentes

350 3250 472 3323 littere
489 3247 720 3341 pervenerint
738 3243 926 3318 Walterus
952 3240 1179 3339 permissione
1196 3245 1320 3317 dimna
1336 3244 1533 3341 Episcopus
1550 3246 1806 3325 Sanctarum

350 3387 515 3459 Salutem
541 3387 579 3456 in
604 3384 767 3456 omnium
790 3380 978 3454 Salvatore
1002 3377 1240 3455 Universitati
1265 3378 1381 3456 vestre
1406 3384 1558 3456 facimus
1582 3381 1653 3459 esse
1677 3398 1806 3460 notum

350 3523 444 3617 quod
475 3544 559 3594 cum
592 3514 831 3599 serenissimus
856 3518 1022 3611 princeps
1046 3526 1085 3591 ct
1110 3518 1277 3592 dominus
1303 3518 1426 3592 noster
1450 3521 1617 3593 dominus
1641 3524 1806 3598 robertus

349 3662 406 3732 dei
431 3661 546 3755 gratia
568 3680 634 3731 rex
659 3655 869 3730 Scottorum
894 3655 1024 3726 tertius
1050 3652 1301 3729 illustrissimus
1325 3666 1447 3729 motus
1472 3682 1538 3751 pro
1563 3659 1723 3733 caritatis
1751 3664 1805 3733 in·

348 3800 446 3870 tuito
471 3794 540 3869 Jus
565 3803 776 3889 patronatus
801 3788 951 3865 ecclesie
976 3792 1187 3886 parochialis
1216 3792 1340 3865 Sancti
1369 3792 1490 3889 Egidii
1517 3795 1563 3866 de
1591 3794 1804 3893 Edinburgh

348 3932 466 4007 nostre
480 3929 629 4005 diocesis
646 3954 719 4002 non
736 3928 851 4001 solum
868 3938 954 4000 voto
970 3928 1113 4023 proprio
1131 3951 1256 4000 verum
1273 3932 1384 4002 etiam
1401 3952 1448 4001 ex
1465 3927 1550 4002 sana
1560 3927 1613 4002 sui
1631 3933 1805 4005 delibem·

348 4072 448 4143 tione
464 4063 601 4142 consilii
624 4068 670 4140 ad
693 4066 789 4159 quod
806 4064 1036 4137 interfuimus
1062 4064 1150 4138 licet
1174 4065 1288 4137 exiles
1313 4060 1472 4137 nostrum
1497 4068 1605 4140 adid
1630 4064 1803 4142 assensum

347 4208 541 4301 prebentes
553 4201 716 4276 similiter
729 4211 768 4275 et
781 4198 989 4275 consensum
1007 4198 1219 4276 monasterio
1236 4202 1282 4275 de
1299 4200 1419 4275 Scona
1436 4203 1530 4274 dicte
1547 4200 1668 4277 nostre
1684 4206 1803 4279 dicoe-

347 4342 391 4425 sis
408 4354 447 4418 et
460 4344 653 4418 Canonicis
668 4341 803 4413 ibidem
820 4340 889 4411 deo
903 4338 1138 4412 servientibus
1155 4348 1193 4412 ct
1209 4340 1249 4410 in
1265 4348 1481 4433 perpetuum
1498 4337 1681 4413 servituris
1692 4341 1802 4417 sensti

346 4484 481 4555 ordinis
498 4476 694 4577 Augustini
719 4500 820 4549 mera
835 4498 977 4568 qnoque
1003 4477 1196 4548 deuotione
1219 4476 1366 4548 duxerit
1391 4478 1661 4551 concedendum
1677 4478 1803 4553 secun·
1914 4472 1919 4479 ’

348 4621 435 4692 dum
452 4617 548 4713 quod
565 4640 629 4711 per
645 4614 792 4687 cartam
810 4613 895 4685 dici
912 4612 1048 4683 domini
1074 4608 1185 4684 nostri
1209 4612 1303 4707 regis
1319 4622 1444 4706 patere
1461 4612 1630 4708 liquidius
1647 4617 1802 4690 vidimus

347 4766 386 4829 et
403 4750 526 4827 testari
549 4752 629 4824 Nos
646 4752 787 4821 ruinam
807 4748 893 4819 dicti
918 4742 1124 4820 monasterii
1145 4758 1183 4821 et
1203 4747 1443 4844 indigentiam
1467 4752 1505 4823 in
1531 4751 1801 4848 quampluribus

347 4887 602 4987 cognoscentes
619 4886 786 4958 nolentes
802 4885 840 4958 id
856 4885 952 4977 quod
966 4884 1083 4957 addes
1096 4881 1365 4989 etsacrosant'te
1381 4883 1529 4958 ecclesie
1546 4887 1687 4960 cultum
1700 4891 1798 4963 dedit

347 5031 510 5099 minuere
524 5024 581 5099 vel
599 5020 869 5117 quomodolibet
885 5020 1050 5115 impediri
1067 5043 1189 5114 ymmo
1206 5023 1328 5115 potina
1343 5018 1584 5096 concessiones
1599 5024 1801 5119 hujusmodi
