4917 6509
931 1612 1213 1711 LIBER

357 2041 802 2147 ECCLESIE
863 2043 1201 2151 SANCTE
1256 2044 1785 2146 TRINITATIS

779 2424 1272 2607 aneoom

859 2810 1253 2821 —n-—n—-n——o—-a—-v

339 3047 448 3121 Certa
463 3045 665 3126 Alexandri
682 3044 794 3142 Regia
812 3047 858 3117 de
876 3045 1104 3127 Fundatione
1121 3044 1292 3122 Abbatie.

297 3337 311 3405 1
340 3272 421 3395 IN
440 3321 601 3393 Nomine
618 3319 749 3397 Saudo
767 3338 806 3393 et
822 3320 1017 3395 Indiuidua
1033 3320 1222 3401 Trinitatis
1242 3345 1315 3415 qua
1331 3344 1423 3396 vnue
1440 3320 1543 3395 Dens
1567 3322 1738 3394 adoratur
1755 3332 1794 3393 et

337 3458 468 3535 colitur
484 3467 524 3535 et
541 3459 700 3531 ereditur
751 3458 846 3545 Quia
862 3453 953 3531 fiant
970 3458 1053 3529 Rex
1076 3468 1115 3531 et
1131 3460 1309 3553 propheta
1329 3456 1451 3533 Dauid
1471 3455 1626 3533 testetur
1646 3459 1793 3537 domum

338 3596 407 3669 Dei
424 3594 563 3691 semper
579 3596 685 3669 deaei
701 3594 903 3672 fortitudo
928 3596 1008 3692 Ego
1025 3595 1238 3669 Alexander
1255 3596 1327 3671 Dei
1343 3600 1461 3694 gratia
1481 3598 1565 3673 Rex
1582 3598 1793 3672 Scottorum

337 3734 430 3807 filins
446 3737 541 3831 regis
559 3733 748 3807 Meloolmi
773 3745 813 3809 at
833 3737 960 3831 regine
976 3733 1185 3829 Morgerete
1211 3743 1250 3813 et
1275 3758 1343 3831 ego
1368 3734 1498 3812 Sibilla
1522 3736 1664 3832 Regina
1687 3735 1792 3811 Seot-

336 3884 455 3947 torum
481 3872 555 3945 filia
577 3866 729 3947 Henrioi
752 3876 846 3970 regie
862 3872 999 3969 Anglie
1026 3871 1189 3946 volentes
1215 3874 1363 3944 domum
1388 3871 1537 3945 Domini
1563 3872 1732 3945 decorare
1752 3882 1792 3945 et

336 4014 610 4087 habitationem·
632 4015 709 4085 eius
743 4012 904 4087 exaltare
939 4007 1126 4083 eeclesiam
1159 4012 1196 4081 in
1227 4009 1401 4082 honorem
1435 4009 1568 4083 Sandre
1601 4010 1790 4083 limitatio

338 4151 628 4243 dedicatamque
652 4146 705 4221 est
722 4151 761 4221 in
778 4148 899 4227 soona
920 4147 1151 4220 concedimus
1177 4156 1216 4219 et
1239 4148 1414 4221 tradimus
1431 4143 1495 4240 ipfl
1514 4125 1594 4219 Deo
1615 4156 1655 4219 et
1670 4145 1790 4219 sanae

337 4286 457 4367 Mario
487 4296 526 4362 et
551 4284 669 4361 santo
697 4285 872 4359 Michaeli
907 4295 945 4358 et
978 4282 1097 4359 sondro
1123 4284 1282 4367 iohanni
1311 4294 1350 4357 et
1380 4283 1500 4357 sonito
1523 4284 1723 4359 Laurenoio
1751 4296 1790 4357 et

335 4424 454 4499 santo
472 4424 677 4521 Augustino
695 4424 846 4505 liberem
864 4434 902 4495 et
919 4421 1072 4495 solutam
1098 4432 1137 4495 et
1162 4424 1323 4515 quietam
1348 4422 1394 4495 ab
1418 4423 1519 4495 omni
1541 4423 1729 4498 erodiona
1750 4432 1789 4493 et

334 4565 585 4657 inquietudine
614 4588 636 4639 a
665 4562 795 4657 quibus
826 4563 924 4658 regia
953 4538 1109 4658 dignitas
1135 4569 1175 4631 et
1203 4556 1361 4653 potestas
1383 4554 1503 4653 potest
1530 4582 1610 4633 eam
1636 4558 1789 4632 liberare

333 4704 557 4797 patrocinare
571 4709 610 4773 ot
627 4700 820 4773 defendere
858 4697 920 4771 Ad
938 4697 1009 4771 Dei
1026 4700 1139 4794 igitur
1156 4695 1298 4777 cultum
1313 4706 1353 4769 et
1368 4697 1543 4772 honorem
1560 4696 1788 4769 dilatandum

334 4848 373 4911 et
405 4838 641 4913 exaltandum
674 4836 811 4931 placuit
845 4836 948 4909 nobie
981 4834 1128 4909 elerieoe
1171 4835 1426 4909 canonicorum
1459 4830 1672 4929 profeffione
1709 4833 1790 4909 Deo

334 4976 549 5051 famulantes
575 4976 621 5049 de
647 4970 795 5048 ecclelia
821 4970 930 5049 sandei
957 4971 1129 5046 Osuualdi
1157 4972 1202 5044 de
1236 4995 1308 5065 que
1340 4974 1436 5047 fama
1465 4972 1647 5067 religionis
1680 4973 1784 5048 nobis

1048 5133 1070 5181 a
1322 5176 1327 5185 .
