4917 6509
675 823 745 890 130
1185 813 1343 887 LIBER
1368 815 1616 893 ECOLESIE
1951 846 2028 899 sac.
2046 847 2128 899 11v.

672 1152 891 1245 Preoeptum
910 1150 1076 1223 Wilelmi
1095 1149 1261 1245 Episcopi
1279 1152 1405 1226 Sautti
1420 1154 1571 1229 Andros
1587 1154 1800 1231 deecclesia
1816 1160 1862 1232 de
1879 1160 1968 1233 Blar

561 1422 640 1494 174·
675 1403 883 1501 Wileimus
903 1422 1130 1498 miseratione
1156 1428 1278 1498 diviua
1303 1424 1499 1523 Episcopus
1524 1429 1781 1507 Smaunuree
1800 1446 1977 1531 perpetuo
1995 1442 2127 1512 vicario

672 1568 716 1639 de
732 1566 839 1661 perth
856 1566 992 1637 decano
1009 1560 1128 1636 nostro
1146 1561 1414 1641 christianitatis
1432 1570 1478 1642 de
1494 1571 1630 1667 Gowry
1642 1573 1808 1647 Salutem
1823 1578 1862 1646 iii
1875 1577 2021 1648 domino
2032 1576 2129 1661 Quia

671 1699 869 1777 Ecclesiam
895 1704 940 1774 de
965 1700 1074 1774 Blare
1099 1702 1145 1773 ad
1169 1700 1408 1796 provisionem
1429 1716 1468 1779 et
1485 1709 1716 1783 collationem
1741 1708 1898 1785 nostram
1922 1736 2023 1787 mero
2042 1717 2126 1809 jure

670 1844 914 1937 pertinentem
940 1837 1019 1935 post
1043 1835 1235 1912 cessionem
1262 1845 1320 1917 vel
1347 1844 1525 1921 decessum
1551 1851 1687 1925 domini
1703 1852 1880 1925 Johanuis
1898 1852 2004 1948 Lycii
2028 1876 2126 1925 nunc

670 1981 819 2055 remoris
843 1978 1002 2073 ejusdem
1026 1977 1200 2075 religiosis
1226 1983 1313 2053 viris
1329 1981 1470 2057 Abbati
1487 1986 1534 2059 de
1550 1986 1671 2061 Scoua
1687 1999 1726 2061 et
1742 1990 1950 2063 Conremui
1966 1990 2126 2085 ejusdem

671 2120 837 2191 dedimus
861 2130 900 2191 et
925 2114 1159 2191 concessimus
1185 2143 1226 2192 ac
1252 2121 1413 2195 caritatis
1438 2127 1575 2199 intuitu
1603 2152 1668 2223 per
1695 2128 1880 2223 presentes
1909 2132 2127 2203 conferimus

670 2266 753 2364 ipsis
771 2266 942 2365 religiosis
959 2272 996 2340 iii
1012 2272 1173 2364 proprios
1190 2269 1274 2342 usus
1290 2274 1465 2365 perpetuo
1478 2263 1759 2341 transferendam
1773 2265 1934 2366 ipsosque
1950 2293 2017 2364 per
2027 2276 2126 2351 annii

670 2404 780 2478 nostri
805 2408 1037 2479 traditionem
1063 2408 1182 2479 eidem
1198 2407 1337 2481 Abbati
1361 2410 1492 2480 asam
1515 2386 1783 2499 presencialiter
1807 2406 2054 2482 investivimus
2079 2413 2126 2484 de

671 2546 796 2618 eadem
825 2544 941 2618 Vobis
975 2546 1014 2615 in
1048 2546 1185 2616 virtute
1215 2546 1422 2618 obedientie
1448 2546 1679 2640 precipiendo
1707 2548 1920 2619 mandamus
1948 2561 2127 2641 quatenus

670 2682 850 2777 prefatum
867 2682 1053 2753 dominum
1079 2680 1266 2755 Abbatem
1287 2706 1353 2777 per
1376 2680 1413 2754 sc
1434 2682 1492 2754 vel
1518 2692 1786 2777 procuratorem
1804 2684 1907 2758 suum
1924 2690 2071 2761 nomine
2089 2701 2128 2763 et

671 2844 716 2894 ex
742 2828 845 2913 parte
870 2816 934 2891 sua
949 2828 987 2891 et
1004 2820 1181 2891 distorum
1198 2817 1444 2915 religiosorum
1459 2823 1498 2891 in
1516 2822 1648 2893 didam
1665 2818 1850 2895 ecclesiam
1867 2821 2065 2899 instituatis
2084 2851 2126 2899 ac

671 2958 946 3052 incorporalem
969 2952 1392 3051 posseffionemejusdem
1418 2982 1503 3030 cuin
1528 2960 1697 3031 omuibus
1722 2959 1793 3033 suis
1811 2962 1956 3055 juribus
1985 2972 2025 3035 et
2049 2988 2128 3057 per·

670 3098 835 3169 tinentiis
864 3096 1043 3168 inducatis
1106 3094 1166 3167 Ita
1195 3099 1292 3189 quod
1322 3098 1476 3169 cedente
1502 3096 1560 3169 vel
1590 3098 1790 3171 decedente
1814 3101 1956 3192 prefato
1981 3102 2127 3173 domino

669 3235 694 3306 J
695 3236 836 3308 ohanne
852 3235 982 3329 prefati
999 3232 1152 3329 religiosi
1171 3236 1304 3307 distrui
1317 3230 1503 3308 ecclesiam
1520 3236 1678 3309 habeant
1691 3245 1730 3308 et
1743 3237 1932 3311 obtineant
1944 3237 2127 3333 ipsamque

670 3396 752 3445 cum
770 3372 936 3444 omnibus
959 3369 1030 3443 suis
1050 3372 1193 3463 juribus
1210 3382 1249 3443 et
1266 3375 1496 3467 pertinentiis
1512 3374 1551 3444 iii
1567 3375 1728 3467 proprios
1744 3372 1828 3446 usus
1844 3384 1888 3448 ut
1904 3380 2128 3469 premittitur

669 3512 792 3603 quiete
805 3518 981 3603 perpetuo
998 3504 1197 3601 possideant
1214 3508 1323 3602 pleno
1333 3510 1418 3602 jure
1448 3508 1494 3580 Iu
1511 3505 1651 3605 signum
1666 3508 1868 3605 hujusmodi
1886 3510 2124 3588 institutionis

670 3646 875 3739 traditoque
900 3666 967 3739 per
989 3667 1052 3715 ros
1074 3640 1292 3738 possessionis
1314 3641 1398 3739 ipsrs
1420 3644 1592 3741 religiosis
1610 3646 1779 3741 Sigillum
1796 3648 1901 3744 officij
1919 3647 2027 3722 rastri
2044 3676 2125 3746 pre-

670 3783 830 3857 sentibus
847 3786 1036 3879 apponatis
1056 3806 1169 3879 penes
1185 3782 1368 3880 religiosos
1383 3788 1479 3856 viros
1494 3792 1671 3879 perpetuo
1687 3782 1904 3858 remansuris
1957 3785 2003 3858 In
2023 3790 2126 3884 cujus

669 3924 721 3995 roi
738 3918 983 3994 testimonium
1001 3923 1065 3994 lias
1083 3922 1223 3994 litteras
1239 3918 1377 3995 nostras
1392 3919 1508 4017 sigillo
1525 3917 1645 3992 nostro
1661 3916 1818 4017 signatas
1831 3925 1932 3997 vobis
1943 3926 2125 4001 mittimus

668 4069 836 4154 patentes
879 4058 1017 4132 Datum
1035 4062 1131 4155 apud
1151 4058 1324 4134 Scottum
1341 4060 1510 4132 andream
1528 4061 1592 4154 xij⁰
1610 4061 1669 4131 die
1684 4056 1816 4133 mensis
1831 4063 2000 4157 sebniarij
2014 4064 2126 4139 Auno

670 4198 805 4270 domini
822 4202 869 4272 m⁰
886 4201 961 4271 ccc⁰
978 4194 1271 4294 quinquagesimo
1287 4194 1390 4269 sexto

670 4466 855 4543 conceffio
879 4470 1057 4544 Wilielmi
1076 4469 1242 4565 Episcopi
1260 4471 1383 4544 sanet
1401 4472 1550 4544 Andree
1568 4469 1717 4545 ecclesie
1738 4473 1951 4566 parochialis
1967 4476 2014 4547 dc
2031 4475 2120 4549 Blar

559 4749 639 4820 175.
676 4724 873 4821 Universis
895 4742 1015 4818 sande
1038 4748 1164 4818 matris
1182 4741 1332 4819 ecclesie
1353 4744 1437 4817 siliis
1462 4744 1646 4839 presentes
1667 4745 1792 4819 literas
1808 4744 1933 4819 risoris
1951 4748 2009 4821 rel
2026 4750 2127 4821 audi·

672 4886 762 4956 turis
776 4883 987 4956 Willelmus
1005 4884 1050 4955 de
1064 4882 1276 4956 Iiaundellis
1292 4881 1521 4955 miseratione
1534 4884 1657 4956 divina
1672 4881 1916 4957 santtiandree
1929 4882 2125 4980 Episcopus

672 5034 835 5095 eternam
859 5024 896 5094 in
921 5022 1066 5093 domino
1089 5018 1243 5094 salutem
1268 5020 1454 5093 Noveritis
1480 5022 1576 5113 quod
1601 5044 1666 5094 nos
1689 5044 1754 5117 pro
1777 5022 1978 5095 devotionis
1995 5022 2123 5096 assastu
