4917 6509
289 892 374 945 nnc.
394 893 478 945 wm.
702 870 739 945 S.
762 870 1062 951 ,TRINITATIS
1089 872 1158 945 DE
1184 872 1332 947 SGON.
1630 880 1634 887 '
1674 881 1736 947 .31
1883 890 1886 895 ’

290 1206 525 1283 Confirmatio
543 1208 690 1283 Ricardi
708 1209 862 1305 episcopi
881 1208 1004 1283 Santti
1021 1210 1170 1283 Andrec
1189 1212 1234 1283 de
1251 1207 1410 1285 ecclesiis
1427 1222 1496 1284 etc.

149 1464 153 1471 ⁵
220 1463 483 1563 rolliardus
510 1488 570 1560 dei
597 1489 715 1584 gratia
739 1482 888 1560 ecclesie
913 1486 1011 1560 beati
1028 1486 1178 1561 Andree
1203 1486 1351 1559 humilis
1375 1484 1540 1560 minister
1556 1486 1742 1560 Universrs

290 1623 409 1697 sancte
425 1627 550 1699 matris
567 1620 716 1699 ecclesie
732 1624 815 1697 liliis
831 1621 983 1697 sulutem
1034 1622 1161 1697 Sciant
1182 1633 1260 1697 tam
1282 1619 1412 1719 posteri
1430 1648 1539 1719 quam
1561 1624 1744 1719 presentes

291 1784 356 1870 nos
373 1758 506 1836 dedisse
523 1772 562 1836 et
578 1757 779 1836 conceffilse
796 1770 834 1835 et
850 1758 1027 1857 presentis
1038 1759 1161 1856 scripti
1177 1763 1311 1857 pagina
1321 1759 1541 1835 confirmasse
1558 1762 1680 1836 abbati
1698 1764 1744 1835 de

292 1897 411 1972 Scona
434 1909 473 1973 et
496 1901 676 1973 canonicis
700 1900 836 1972 ibidem
858 1898 939 1971 Deo
960 1896 1199 1971 sentientibus
1221 1900 1260 1970 in
1283 1898 1432 1973 liberam
1455 1923 1582 1994 puram
1604 1912 1643 1973 et
1666 1925 1746 1995 per-

290 2046 441 2129 petuam
471 2034 702 2111 elemosinam
731 2031 899 2109 ecclesias
928 2057 1016 2130 quaa
1046 2036 1140 2109 bone
1174 2038 1348 2109 memorie
1382 2037 1502 2133 Reges
1536 2037 1746 2111 Alexander

290 2173 513 2249 Mulcolmus
534 2184 572 2247 et
590 2173 800 2246 Willclmus
821 2174 873 2247 eis
899 2174 937 2245 in
962 2169 1092 2246 diocesi
1112 2168 1234 2245 nostra
1249 2197 1314 2268 per
1333 2175 1525 2247 concilium
1542 2187 1581 2249 et
1605 2174 1747 2248 institu-

291 2313 430 2385 tionem
447 2311 706 2385 veucrabilium
730 2306 1014 2407 predecessorum
1043 2307 1246 2383 nostrorum
1272 2308 1516 2407 episcoporum
1540 2288 1691 2385 Roberti
1709 2326 1747 2384 et

293 2446 441 2523 Erncldi
467 2447 715 2523 concesserunt
739 2446 1007 2547 allagnauerunt
1031 2458 1070 2523 et
1097 2448 1403 2523 confirmauerunt
1453 2448 1603 2523 Scilicet
1633 2451 1747 2523 eccle-

294 2584 380 2659 siam
398 2587 443 2660 de
460 2586 581 2662 Scona
604 2596 644 2661 et
669 2583 829 2663 eiusdem
853 2586 1009 2683 cupellas
1026 2586 1072 2659 de
1089 2584 1306 2682 Kynsaunes
1331 2588 1378 2660 de
1401 2586 1499 2684 Crag
1522 2597 1561 2661 et
1587 2588 1632 2661 de
1651 2588 1746 2661 Rate

294 2722 479 2799 ecclesiam
496 2726 542 2797 dc
560 2724 636 2820 Lyf
648 2722 835 2801 ecclesiam
848 2726 894 2799 de
908 2724 1181 2823 Inuergcueryn
1198 2723 1385 2800 ecclesiam
1400 2724 1446 2799 de
1459 2724 1747 2801 Cambusmichel

294 2857 479 2936 ecclesiam
496 2863 542 2935 dc
556 2861 764 2937 Lochoruer
779 2857 967 2937 ecclesiam
984 2864 1030 2935 dc
1047 2860 1234 2936 Kerintun
1252 2861 1332 2936 Has
1349 2864 1461 2960 igitur
1478 2860 1646 2937 ecclesias
1663 2890 1748 2937 cum
1868 2834 1871 2843 ⁵

294 2999 441 3096 capellis
475 3010 513 3073 et
543 3000 710 3074 omnibus
740 2999 819 3073 aliis
853 3000 1083 3094 pertinentiis
1108 2999 1167 3071 vel
1201 3000 1479 3072 rectitudinibus
1507 2999 1578 3073 suis
1608 3004 1747 3095 prefato

294 3138 432 3211 Abbati
443 3146 481 3211 et
495 3138 906 3233 canonicisudproprios
918 3134 1002 3209 usus
1012 3134 1093 3209 suos
1106 3136 1234 3209 dumus
1247 3112 1285 3208 et
1299 3135 1551 3210 confirmamus
1563 3136 1749 3211 licentiam

292 3297 437 3370 quoque
466 3276 518 3349 eis
547 3276 778 3349 concedimus
811 3273 1015 3369 capellanos
1049 3269 1281 3368 quoscunque
1312 3272 1493 3346 voluerint
1522 3276 1681 3370 ydoneos
1710 3285 1748 3347 et

294 3414 438 3507 quaudo
456 3412 636 3487 voluerint
660 3415 699 3485 in
724 3408 808 3509 ipsis
833 3408 990 3486 ecclesus
1015 3412 1172 3485 retinere
1189 3421 1228 3484 ct
1244 3433 1431 3485 removere
1480 3410 1599 3486 Salvis
1616 3412 1750 3507 episco-

295 3550 436 3645 palibus
469 3551 573 3624 nobis
606 3560 645 3625 et
677 3549 931 3626 successoribus
964 3545 1094 3623 uostris
1128 3549 1173 3621 de
1207 3549 1376 3622 omnibus
1409 3545 1567 3623 ecclesiis
1600 3551 1749 3645 prefatis

296 3690 484 3763 annuatim
500 3690 736 3763 reddentibus
759 3696 914 3783 excepta
937 3686 1111 3760 canonica
1126 3684 1189 3759 sua
1205 3686 1252 3759 de
1269 3686 1390 3769 Scona
1406 3696 1445 3759 et
1462 3685 1609 3781 capellis
1626 3689 1671 3760 ad
1689 3712 1749 3759 eas

295 3828 561 3921 pertinentibus
578 3848 666 3923 quas
683 3827 729 3900 ab
746 3828 845 3899 omni
871 3825 1060 3899 exactione
1085 3834 1124 3897 et
1149 3822 1410 3897 consuetudine
1434 3821 1625 3917 episcopali
1649 3824 1750 3895 volu·
1900 3908 1909 3927 ο

296 3987 377 4037 mus
394 3972 433 4037 et
449 3966 680 4039 concedimus
696 3960 767 4037 esse
783 3972 973 4058 exemptas
989 3957 1154 4034 Testibus

297 4238 531 4313 Confirmatio
544 4237 714 4335 Hugcuis
732 4235 886 4333 episcopi
904 4234 1026 4309 Sancti
1042 4234 1192 4309 Andree
1211 4236 1258 4308 de
1275 4243 1372 4309 terra
1388 4236 1425 4308 iu
1439 4233 1572 4308 Sanco
1589 4234 1748 4309 Andrea.

226 4525 273 4595 49
300 4492 431 4613 Hugo
463 4516 524 4589 dei
555 4516 672 4613 gratia
705 4508 854 4588 ecclesie
888 4510 999 4585 sunffi
1033 4510 1167 4585 andree
1197 4508 1344 4584 humilis
1379 4506 1542 4583 minister
1571 4509 1750 4586 Omnibus

296 4652 414 4729 lande
430 4655 555 4727 matris
572 4646 721 4727 ccclesre
737 4650 820 4748 filiis
837 4648 991 4723 sulutem
1042 4646 1169 4721 Sciant
1191 4654 1269 4721 tam
1291 4644 1422 4743 posteri
1435 4651 1551 4748 'quam
1567 4647 1750 4743 presentes

296 4816 362 4867 nos
373 4786 573 4867 conceffiile
584 4790 700 4865 ethac
717 4799 817 4864 carta
832 4782 952 4861 nostru
967 4781 1189 4861 confirmasse
1206 4780 1354 4859 eeclefio
1366 4786 1412 4858 de
1429 4783 1549 4859 Saone
1565 4796 1604 4859 et
1620 4809 1752 4859 canon-

297 4933 361 5004 icis
377 4928 512 5005 ibidem
530 4926 611 5003 Deo
636 4924 873 5001 servientibus
899 4934 938 4998 ct
962 4920 1146 4998 servituris
1163 4922 1253 4995 duas
1277 4945 1401 5018 parcas
1430 4932 1528 4997 terre
1552 4946 1653 5017 quas
1682 4948 1762 5019 pre·

298 5063 454 5143 decessor
477 5061 597 5142 noster
614 5063 789 5141 Ricardus
810 5064 905 5139 bone
928 5060 1101 5137 memorie
1125 5056 1261 5136 eisdem
1284 5058 1385 5137 dedit
1429 5060 1467 5131 in
1500 5063 1615 5157 burgo
1641 5059 1762 5135 nostro
