<?xml version="1.0" encoding="UTF-8"?>
<!DOCTYPE html PUBLIC "-//W3C//DTD XHTML 1.0 Transitional//EN"
    "http://www.w3.org/TR/xhtml1/DTD/xhtml1-transitional.dtd">
<html xmlns="http://www.w3.org/1999/xhtml" xml:lang="en" lang="en">
 <head>
  <title>
</title>
<meta http-equiv="Content-Type" content="text/html;charset=utf-8" />
  <meta name='ocr-system' content='tesseract 3.04.00' />
  <meta name='ocr-capabilities' content='ocr_page ocr_carea ocr_par ocr_line ocrx_word'/>
</head>
<body>
  <div class='ocr_page' id='page_1' title='image "./liberecclesiede00abbegoog_0089.png"; bbox 0 0 4917 6509; ppageno 0'>
   <div class='ocr_carea' id='block_1_1' title="bbox 333 772 1785 849">
    <p class='ocr_par' dir='ltr' id='par_1_1' title="bbox 333 772 1785 849">
     <span class='ocr_line' id='line_1_1' title="bbox 333 772 1785 849; baseline -0.001 -2"><span class='ocrx_word' id='word_1_1' title='bbox 333 794 420 849; x_wconf 83' lang='lat' dir='ltr'><strong>sse.</strong></span> <span class='ocrx_word' id='word_1_2' title='bbox 439 793 524 847; x_wconf 81' lang='lat' dir='ltr'><strong>wrn.</strong></span> <span class='ocrx_word' id='word_1_3' title='bbox 742 774 779 847; x_wconf 87' lang='lat' dir='ltr'><strong>S.</strong></span> <span class='ocrx_word' id='word_1_4' title='bbox 805 772 1104 847; x_wconf 80' lang='lat' dir='ltr'><strong>TRINITATIS</strong></span> <span class='ocrx_word' id='word_1_5' title='bbox 1131 773 1201 847; x_wconf 83' lang='lat' dir='ltr'><strong>DE</strong></span> <span class='ocrx_word' id='word_1_6' title='bbox 1227 772 1374 848; x_wconf 83' lang='lat' dir='ltr'><strong>SOON.</strong></span> <span class='ocrx_word' id='word_1_7' title='bbox 1740 781 1785 845; x_wconf 77' lang='lat'><strong>35</strong></span> 
     </span>
    </p>
   </div>
   <div class='ocr_carea' id='block_1_2' title="bbox 330 968 1789 3683">
    <p class='ocr_par' dir='ltr' id='par_1_2' title="bbox 330 968 1789 3683">
     <span class='ocr_line' id='line_1_2' title="bbox 334 968 1787 1067; baseline -0.001 -20"><span class='ocrx_word' id='word_1_8' title='bbox 334 968 552 1047; x_wconf 86' lang='lat' dir='ltr'><strong>confirmasse</strong></span> <span class='ocrx_word' id='word_1_9' title='bbox 564 972 603 1045; x_wconf 92' lang='lat' dir='ltr'><strong>in</strong></span> <span class='ocrx_word' id='word_1_10' title='bbox 616 968 700 1045; x_wconf 89' lang='lat' dir='ltr'><strong>usus</strong></span> <span class='ocrx_word' id='word_1_11' title='bbox 712 974 872 1067; x_wconf 90' lang='lat' dir='ltr'><strong>proprios</strong></span> <span class='ocrx_word' id='word_1_12' title='bbox 885 972 1023 1046; x_wconf 77' lang='lat' dir='ltr'><strong>Abbati</strong></span> <span class='ocrx_word' id='word_1_13' title='bbox 1036 980 1075 1047; x_wconf 90' lang='lat' dir='ltr'><strong>et</strong></span> <span class='ocrx_word' id='word_1_14' title='bbox 1088 972 1278 1047; x_wconf 88' lang='lat' dir='ltr'><strong>Canonicis</strong></span> <span class='ocrx_word' id='word_1_15' title='bbox 1291 975 1337 1047; x_wconf 87' lang='lat' dir='ltr'><strong>de</strong></span> <span class='ocrx_word' id='word_1_16' title='bbox 1350 972 1469 1048; x_wconf 88' lang='lat' dir='ltr'><strong>Scona</strong></span> <span class='ocrx_word' id='word_1_17' title='bbox 1484 997 1609 1047; x_wconf 88' lang='lat' dir='ltr'><strong>omnes</strong></span> <span class='ocrx_word' id='word_1_18' title='bbox 1622 968 1787 1047; x_wconf 87' lang='lat' dir='ltr'><strong>ecclesias</strong></span> 
     </span>
     <span class='ocr_line' id='line_1_3' title="bbox 335 1107 1789 1209; baseline -0.001 -26"><span class='ocrx_word' id='word_1_19' title='bbox 335 1134 422 1205; x_wconf 91' lang='lat' dir='ltr'><strong>quas</strong></span> <span class='ocrx_word' id='word_1_20' title='bbox 439 1112 574 1183; x_wconf 81' lang='lat' dir='ltr'><strong>habent</strong></span> <span class='ocrx_word' id='word_1_21' title='bbox 590 1112 628 1182; x_wconf 92' lang='lat' dir='ltr'><strong>in</strong></span> <span class='ocrx_word' id='word_1_22' title='bbox 646 1107 851 1205; x_wconf 87' lang='lat' dir='ltr'><strong>episcopatu</strong></span> <span class='ocrx_word' id='word_1_23' title='bbox 869 1110 1124 1184; x_wconf 78' lang='lat' dir='ltr'><strong>Sanoimdree</strong></span> <span class='ocrx_word' id='word_1_24' title='bbox 1140 1113 1179 1183; x_wconf 92' lang='lat' dir='ltr'><strong>in</strong></span> <span class='ocrx_word' id='word_1_25' title='bbox 1196 1111 1346 1185; x_wconf 80' lang='lat' dir='ltr'>liberam</span> <span class='ocrx_word' id='word_1_26' title='bbox 1364 1122 1402 1185; x_wconf 94' lang='lat' dir='ltr'><strong>et</strong></span> <span class='ocrx_word' id='word_1_27' title='bbox 1418 1122 1629 1209; x_wconf 86' lang='lat' dir='ltr'><strong>perpetuam</strong></span> <span class='ocrx_word' id='word_1_28' title='bbox 1655 1110 1789 1185; x_wconf 89' lang='lat' dir='ltr'><strong>elemo-</strong></span> 
     </span>
     <span class='ocr_line' id='line_1_4' title="bbox 334 1244 1786 1345; baseline 0.001 -26"><span class='ocrx_word' id='word_1_29' title='bbox 334 1244 446 1325; x_wconf 88' lang='lat' dir='ltr'><strong>finam</strong></span> <span class='ocrx_word' id='word_1_30' title='bbox 459 1251 526 1321; x_wconf 85' lang='lat' dir='ltr'><strong>viz.</strong></span> <span class='ocrx_word' id='word_1_31' title='bbox 544 1245 729 1321; x_wconf 75' lang='lat' dir='ltr'><strong>ecclesiam</strong></span> <span class='ocrx_word' id='word_1_32' title='bbox 744 1249 789 1320; x_wconf 88' lang='lat' dir='ltr'><strong>de</strong></span> <span class='ocrx_word' id='word_1_33' title='bbox 806 1246 902 1321; x_wconf 89' lang='lat' dir='ltr'><strong>Sccn</strong></span> <span class='ocrx_word' id='word_1_34' title='bbox 916 1254 955 1321; x_wconf 89' lang='lat' dir='ltr'><strong>et</strong></span> <span class='ocrx_word' id='word_1_35' title='bbox 972 1244 1129 1321; x_wconf 89' lang='lat' dir='ltr'><strong>eiusdem</strong></span> <span class='ocrx_word' id='word_1_36' title='bbox 1140 1249 1296 1345; x_wconf 86' lang='lat' dir='ltr'><strong>capellas</strong></span> <span class='ocrx_word' id='word_1_37' title='bbox 1306 1249 1444 1323; x_wconf 90' lang='lat' dir='ltr'><strong>scilicet</strong></span> <span class='ocrx_word' id='word_1_38' title='bbox 1454 1252 1499 1323; x_wconf 92' lang='lat' dir='ltr'><strong>de</strong></span> <span class='ocrx_word' id='word_1_39' title='bbox 1513 1250 1728 1345; x_wconf 87' lang='lat' dir='ltr'><strong>Kynfaunes</strong></span> <span class='ocrx_word' id='word_1_40' title='bbox 1742 1251 1786 1320; x_wconf 89' lang='lat' dir='ltr'><strong>de</strong></span> 
     </span>
     <span class='ocr_line' id='line_1_5' title="bbox 335 1381 1785 1484; baseline 0 -25"><span class='ocrx_word' id='word_1_41' title='bbox 335 1386 459 1483; x_wconf 84' lang='lat' dir='ltr'><strong>Gragis</strong></span> <span class='ocrx_word' id='word_1_42' title='bbox 476 1397 515 1461; x_wconf 91' lang='lat' dir='ltr'><strong>ct</strong></span> <span class='ocrx_word' id='word_1_43' title='bbox 532 1387 577 1459; x_wconf 91' lang='lat' dir='ltr'><strong>de</strong></span> <span class='ocrx_word' id='word_1_44' title='bbox 595 1386 691 1460; x_wconf 83' lang='lat' dir='ltr'><strong>Rote</strong></span> <span class='ocrx_word' id='word_1_45' title='bbox 707 1381 893 1459; x_wconf 79' lang='lat' dir='ltr'><strong>ecolefiam</strong></span> <span class='ocrx_word' id='word_1_46' title='bbox 908 1386 952 1459; x_wconf 89' lang='lat' dir='ltr'><strong>de</strong></span> <span class='ocrx_word' id='word_1_47' title='bbox 966 1385 1055 1481; x_wconf 78' lang='lat' dir='ltr'><strong>Lyff</strong></span> <span class='ocrx_word' id='word_1_48' title='bbox 1062 1382 1248 1460; x_wconf 84' lang='lat' dir='ltr'><strong>ecclesram</strong></span> <span class='ocrx_word' id='word_1_49' title='bbox 1261 1389 1307 1460; x_wconf 91' lang='lat' dir='ltr'><strong>de</strong></span> <span class='ocrx_word' id='word_1_50' title='bbox 1324 1388 1586 1484; x_wconf 84' lang='lat' dir='ltr'><strong>Inuergouerin</strong></span> <span class='ocrx_word' id='word_1_51' title='bbox 1599 1384 1785 1461; x_wconf 86' lang='lat' dir='ltr'><strong>ccclesrom</strong></span> 
     </span>
     <span class='ocr_line' id='line_1_6' title="bbox 335 1519 1786 1621; baseline 0 -26"><span class='ocrx_word' id='word_1_52' title='bbox 335 1525 379 1597; x_wconf 93' lang='lat' dir='ltr'><strong>de</strong></span> <span class='ocrx_word' id='word_1_53' title='bbox 397 1523 635 1621; x_wconf 83' lang='lat' dir='ltr'><strong>Logindnnde</strong></span> <span class='ocrx_word' id='word_1_54' title='bbox 653 1519 838 1597; x_wconf 75' lang='lat' dir='ltr'><strong>ecclesiam</strong></span> <span class='ocrx_word' id='word_1_55' title='bbox 863 1525 908 1597; x_wconf 89' lang='lat' dir='ltr'><strong>dc</strong></span> <span class='ocrx_word' id='word_1_56' title='bbox 934 1522 1221 1598; x_wconf 84' lang='lat' dir='ltr'><strong>Cambusmichel</strong></span> <span class='ocrx_word' id='word_1_57' title='bbox 1247 1522 1434 1599; x_wconf 88' lang='lat' dir='ltr'><strong>ecclefiam</strong></span> <span class='ocrx_word' id='word_1_58' title='bbox 1458 1528 1505 1598; x_wconf 90' lang='lat' dir='ltr'><strong>de</strong></span> <span class='ocrx_word' id='word_1_59' title='bbox 1531 1526 1786 1599; x_wconf 85' lang='lat' dir='ltr'><strong>Lochwomert</strong></span> 
     </span>
     <span class='ocr_line' id='line_1_7' title="bbox 334 1658 1786 1758; baseline 0 -23"><span class='ocrx_word' id='word_1_60' title='bbox 334 1658 521 1735; x_wconf 86' lang='lat' dir='ltr'><strong>ecclesiam</strong></span> <span class='ocrx_word' id='word_1_61' title='bbox 538 1662 584 1735; x_wconf 90' lang='lat' dir='ltr'><strong>de</strong></span> <span class='ocrx_word' id='word_1_62' title='bbox 601 1660 796 1756; x_wconf 85' lang='lat' dir='ltr'><strong>Kerynton</strong></span> <span class='ocrx_word' id='word_1_63' title='bbox 847 1660 926 1734; x_wconf 86' lang='lat' dir='ltr'><strong>Has</strong></span> <span class='ocrx_word' id='word_1_64' title='bbox 943 1670 1067 1735; x_wconf 83' lang='lat' dir='ltr'><strong>autem</strong></span> <span class='ocrx_word' id='word_1_65' title='bbox 1085 1658 1252 1735; x_wconf 81' lang='lat' dir='ltr'><strong>ecclesras</strong></span> <span class='ocrx_word' id='word_1_66' title='bbox 1274 1684 1358 1736; x_wconf 91' lang='lat' dir='ltr'><strong>cnm</strong></span> <span class='ocrx_word' id='word_1_67' title='bbox 1384 1664 1530 1758; x_wconf 90' lang='lat' dir='ltr'><strong>capellis</strong></span> <span class='ocrx_word' id='word_1_68' title='bbox 1556 1675 1595 1735; x_wconf 87' lang='lat' dir='ltr'><strong>et</strong></span> <span class='ocrx_word' id='word_1_69' title='bbox 1620 1664 1786 1735; x_wconf 89' lang='lat' dir='ltr'><strong>omnibus</strong></span> 
     </span>
     <span class='ocr_line' id='line_1_8' title="bbox 333 1796 1786 1894; baseline 0 -23"><span class='ocrx_word' id='word_1_70' title='bbox 333 1802 561 1892; x_wconf 89' lang='lat' dir='ltr'><strong>pertinentiis</strong></span> <span class='ocrx_word' id='word_1_71' title='bbox 585 1797 656 1872; x_wconf 91' lang='lat' dir='ltr'><strong>suis</strong></span> <span class='ocrx_word' id='word_1_72' title='bbox 673 1824 695 1873; x_wconf 86' lang='lat' dir='ltr'><strong>a</strong></span> <span class='ocrx_word' id='word_1_73' title='bbox 709 1796 1011 1894; x_wconf 84' lang='lat' dir='ltr'><strong>predecessoribus</strong></span> <span class='ocrx_word' id='word_1_74' title='bbox 1037 1797 1165 1873; x_wconf 86' lang='lat' dir='ltr'><strong>nostris</strong></span> <span class='ocrx_word' id='word_1_75' title='bbox 1190 1801 1418 1874; x_wconf 85' lang='lat' dir='ltr'><strong>confirmatas</strong></span> <span class='ocrx_word' id='word_1_76' title='bbox 1435 1802 1561 1873; x_wconf 89' lang='lat' dir='ltr'><strong>damus</strong></span> <span class='ocrx_word' id='word_1_77' title='bbox 1578 1801 1630 1874; x_wconf 86' lang='lat' dir='ltr'><strong>eis</strong></span> <span class='ocrx_word' id='word_1_78' title='bbox 1647 1810 1686 1873; x_wconf 87' lang='lat' dir='ltr'><strong>et</strong></span> <span class='ocrx_word' id='word_1_79' title='bbox 1703 1822 1786 1873; x_wconf 90' lang='lat' dir='ltr'><strong>con-</strong></span> 
     </span>
     <span class='ocr_line' id='line_1_9' title="bbox 331 1936 1786 2033; baseline 0.001 -26"><span class='ocrx_word' id='word_1_80' title='bbox 331 1936 517 2009; x_wconf 89' lang='lat' dir='ltr'><strong>firmamus</strong></span> <span class='ocrx_word' id='word_1_81' title='bbox 533 1936 717 2009; x_wconf 79' lang='lat' dir='ltr'><strong>licentiam</strong></span> <span class='ocrx_word' id='word_1_82' title='bbox 734 1960 876 2031; x_wconf 90' lang='lat' dir='ltr'><strong>quoque</strong></span> <span class='ocrx_word' id='word_1_83' title='bbox 894 1939 946 2009; x_wconf 90' lang='lat' dir='ltr'><strong>eis</strong></span> <span class='ocrx_word' id='word_1_84' title='bbox 963 1938 1194 2011; x_wconf 82' lang='lat' dir='ltr'><strong>concedimus</strong></span> <span class='ocrx_word' id='word_1_85' title='bbox 1217 1936 1422 2033; x_wconf 76' lang='lat' dir='ltr'><strong>capellanos</strong></span> <span class='ocrx_word' id='word_1_86' title='bbox 1446 1936 1686 2032; x_wconf 86' lang='lat' dir='ltr'><strong>quoscumque</strong></span> <span class='ocrx_word' id='word_1_87' title='bbox 1703 1961 1786 2010; x_wconf 91' lang='lat' dir='ltr'><strong>cum</strong></span> 
     </span>
     <span class='ocr_line' id='line_1_10' title="bbox 333 2069 1785 2169; baseline 0.003 -28"><span class='ocrx_word' id='word_1_88' title='bbox 333 2072 514 2161; x_wconf 83' lang='lat' dir='ltr'><strong>voluerint</strong></span> <span class='ocrx_word' id='word_1_89' title='bbox 530 2075 687 2169; x_wconf 84' lang='lat' dir='ltr'><strong>ydoneos</strong></span> <span class='ocrx_word' id='word_1_90' title='bbox 704 2076 743 2145; x_wconf 92' lang='lat' dir='ltr'><strong>in</strong></span> <span class='ocrx_word' id='word_1_91' title='bbox 755 2069 837 2168; x_wconf 76' lang='lat' dir='ltr'><strong>ipsis</strong></span> <span class='ocrx_word' id='word_1_92' title='bbox 851 2071 1007 2148; x_wconf 78' lang='lat' dir='ltr'><strong>ecclesus</strong></span> <span class='ocrx_word' id='word_1_93' title='bbox 1024 2076 1181 2149; x_wconf 88' lang='lat' dir='ltr'><strong>retinere</strong></span> <span class='ocrx_word' id='word_1_94' title='bbox 1198 2084 1237 2149; x_wconf 88' lang='lat' dir='ltr'><strong>et</strong></span> <span class='ocrx_word' id='word_1_95' title='bbox 1254 2097 1439 2148; x_wconf 83' lang='lat' dir='ltr'><strong>removere</strong></span> <span class='ocrx_word' id='word_1_96' title='bbox 1492 2075 1610 2148; x_wconf 85' lang='lat' dir='ltr'><strong>Salvis</strong></span> <span class='ocrx_word' id='word_1_97' title='bbox 1627 2077 1729 2148; x_wconf 91' lang='lat' dir='ltr'><strong>nobis</strong></span> <span class='ocrx_word' id='word_1_98' title='bbox 1747 2085 1785 2146; x_wconf 90' lang='lat' dir='ltr'><strong>et</strong></span> 
     </span>
     <span class='ocr_line' id='line_1_11' title="bbox 332 2206 1787 2308; baseline 0.004 -27"><span class='ocrx_word' id='word_1_99' title='bbox 332 2207 584 2283; x_wconf 89' lang='lat' dir='ltr'><strong>successoribus</strong></span> <span class='ocrx_word' id='word_1_100' title='bbox 600 2206 727 2283; x_wconf 89' lang='lat' dir='ltr'><strong>nostris</strong></span> <span class='ocrx_word' id='word_1_101' title='bbox 745 2210 1003 2307; x_wconf 87' lang='lat' dir='ltr'><strong>episcopalibus</strong></span> <span class='ocrx_word' id='word_1_102' title='bbox 1021 2214 1066 2285; x_wconf 88' lang='lat' dir='ltr'><strong>de</strong></span> <span class='ocrx_word' id='word_1_103' title='bbox 1083 2214 1251 2286; x_wconf 89' lang='lat' dir='ltr'><strong>omuibus</strong></span> <span class='ocrx_word' id='word_1_104' title='bbox 1276 2207 1433 2287; x_wconf 73' lang='lat' dir='ltr'><strong>ecclesiis</strong></span> <span class='ocrx_word' id='word_1_105' title='bbox 1459 2214 1607 2307; x_wconf 82' lang='lat' dir='ltr'><strong>prefatis</strong></span> <span class='ocrx_word' id='word_1_106' title='bbox 1632 2222 1787 2308; x_wconf 83' lang='lat' dir='ltr'><strong>excepta</strong></span> 
     </span>
     <span class='ocr_line' id='line_1_12' title="bbox 332 2346 1786 2447; baseline 0 -26"><span class='ocrx_word' id='word_1_107' title='bbox 332 2346 481 2421; x_wconf 87' lang='lat' dir='ltr'><strong>ecclesia</strong></span> <span class='ocrx_word' id='word_1_108' title='bbox 496 2351 542 2421; x_wconf 89' lang='lat' dir='ltr'><strong>de</strong></span> <span class='ocrx_word' id='word_1_109' title='bbox 560 2348 656 2422; x_wconf 90' lang='lat' dir='ltr'><strong>Scon</strong></span> <span class='ocrx_word' id='word_1_110' title='bbox 674 2372 756 2421; x_wconf 90' lang='lat' dir='ltr'><strong>cum</strong></span> <span class='ocrx_word' id='word_1_111' title='bbox 774 2350 922 2445; x_wconf 87' lang='lat' dir='ltr'><strong>capellis</strong></span> <span class='ocrx_word' id='word_1_112' title='bbox 939 2348 1011 2423; x_wconf 92' lang='lat' dir='ltr'><strong>suis</strong></span> <span class='ocrx_word' id='word_1_113' title='bbox 1028 2375 1097 2446; x_wconf 88' lang='lat' dir='ltr'><strong>que</strong></span> <span class='ocrx_word' id='word_1_114' title='bbox 1110 2349 1294 2446; x_wconf 88' lang='lat' dir='ltr'><strong>hucusque</strong></span> <span class='ocrx_word' id='word_1_115' title='bbox 1306 2376 1328 2425; x_wconf 91' lang='lat' dir='ltr'><strong>a</strong></span> <span class='ocrx_word' id='word_1_116' title='bbox 1339 2348 1558 2447; x_wconf 87' lang='lat' dir='ltr'><strong>prestatione</strong></span> <span class='ocrx_word' id='word_1_117' title='bbox 1574 2346 1786 2423; x_wconf 76' lang='lat' dir='ltr'><strong>sinodalium</strong></span> 
     </span>
     <span class='ocr_line' id='line_1_13' title="bbox 332 2487 1785 2585; baseline 0.001 -25"><span class='ocrx_word' id='word_1_118' title='bbox 332 2496 370 2561; x_wconf 86' lang='lat' dir='ltr'><strong>ct</strong></span> <span class='ocrx_word' id='word_1_119' title='bbox 392 2487 608 2559; x_wconf 88' lang='lat' dir='ltr'><strong>auxiliorum</strong></span> <span class='ocrx_word' id='word_1_120' title='bbox 629 2487 700 2559; x_wconf 87' lang='lat' dir='ltr'><strong>fuit</strong></span> <span class='ocrx_word' id='word_1_121' title='bbox 725 2489 896 2559; x_wconf 91' lang='lat' dir='ltr'><strong>immunis</strong></span> <span class='ocrx_word' id='word_1_122' title='bbox 924 2511 1012 2582; x_wconf 92' lang='lat' dir='ltr'><strong>quas</strong></span> <span class='ocrx_word' id='word_1_123' title='bbox 1039 2489 1084 2562; x_wconf 91' lang='lat' dir='ltr'><strong>de</strong></span> <span class='ocrx_word' id='word_1_124' title='bbox 1112 2498 1234 2565; x_wconf 85' lang='lat' dir='ltr'><strong>cetero</strong></span> <span class='ocrx_word' id='word_1_125' title='bbox 1261 2490 1307 2562; x_wconf 89' lang='lat' dir='ltr'><strong>ab</strong></span> <span class='ocrx_word' id='word_1_126' title='bbox 1334 2490 1501 2562; x_wconf 93' lang='lat' dir='ltr'><strong>omnibus</strong></span> <span class='ocrx_word' id='word_1_127' title='bbox 1527 2487 1785 2585; x_wconf 84' lang='lat' dir='ltr'><strong>episcopalibus</strong></span> 
     </span>
     <span class='ocr_line' id='line_1_14' title="bbox 332 2622 1785 2701; baseline 0 -4"><span class='ocrx_word' id='word_1_128' title='bbox 332 2624 481 2698; x_wconf 86' lang='lat' dir='ltr'><strong>liberam</strong></span> <span class='ocrx_word' id='word_1_129' title='bbox 499 2624 665 2697; x_wconf 84' lang='lat' dir='ltr'><strong>volumus</strong></span> <span class='ocrx_word' id='word_1_130' title='bbox 683 2622 753 2697; x_wconf 88' lang='lat' dir='ltr'><strong>esse</strong></span> <span class='ocrx_word' id='word_1_131' title='bbox 770 2632 809 2697; x_wconf 86' lang='lat' dir='ltr'><strong>et</strong></span> <span class='ocrx_word' id='word_1_132' title='bbox 825 2626 1024 2699; x_wconf 91' lang='lat' dir='ltr'><strong>immunem</strong></span> <span class='ocrx_word' id='word_1_133' title='bbox 1074 2625 1184 2701; x_wconf 84' lang='lat' dir='ltr'><strong>Salvo</strong></span> <span class='ocrx_word' id='word_1_134' title='bbox 1201 2636 1325 2701; x_wconf 88' lang='lat' dir='ltr'><strong>tamen</strong></span> <span class='ocrx_word' id='word_1_135' title='bbox 1342 2629 1381 2700; x_wconf 93' lang='lat' dir='ltr'><strong>in</strong></span> <span class='ocrx_word' id='word_1_136' title='bbox 1394 2629 1562 2701; x_wconf 89' lang='lat' dir='ltr'><strong>omnibus</strong></span> <span class='ocrx_word' id='word_1_137' title='bbox 1578 2628 1656 2699; x_wconf 88' lang='lat' dir='ltr'><strong>iure</strong></span> <span class='ocrx_word' id='word_1_138' title='bbox 1672 2627 1785 2700; x_wconf 86' lang='lat' dir='ltr'><strong>archi-</strong></span> 
     </span>
     <span class='ocr_line' id='line_1_15' title="bbox 332 2761 1786 2858; baseline 0 -23"><span class='ocrx_word' id='word_1_139' title='bbox 332 2762 471 2837; x_wconf 83' lang='lat' dir='ltr'><strong>dicconi</strong></span> <span class='ocrx_word' id='word_1_140' title='bbox 489 2762 746 2837; x_wconf 70' lang='lat' dir='ltr'><strong>saneimdne</strong></span> <span class='ocrx_word' id='word_1_141' title='bbox 788 2774 830 2836; x_wconf 90' lang='lat' dir='ltr'><strong>ut</strong></span> <span class='ocrx_word' id='word_1_142' title='bbox 847 2772 970 2837; x_wconf 88' lang='lat' dir='ltr'><strong>autem</strong></span> <span class='ocrx_word' id='word_1_143' title='bbox 987 2765 1055 2839; x_wconf 89' lang='lat' dir='ltr'><strong>hec</strong></span> <span class='ocrx_word' id='word_1_144' title='bbox 1071 2761 1192 2839; x_wconf 88' lang='lat' dir='ltr'><strong>nostra</strong></span> <span class='ocrx_word' id='word_1_145' title='bbox 1209 2761 1385 2840; x_wconf 75' lang='lat' dir='ltr'><strong>concessio</strong></span> <span class='ocrx_word' id='word_1_146' title='bbox 1411 2766 1521 2837; x_wconf 90' lang='lat' dir='ltr'><strong>robur</strong></span> <span class='ocrx_word' id='word_1_147' title='bbox 1536 2772 1711 2858; x_wconf 88' lang='lat' dir='ltr'><strong>perpetue</strong></span> <span class='ocrx_word' id='word_1_148' title='bbox 1727 2763 1786 2835; x_wconf 88' lang='lat' dir='ltr'><strong>fir-</strong></span> 
     </span>
     <span class='ocr_line' id='line_1_16' title="bbox 330 2897 1784 2996; baseline 0.001 -25"><span class='ocrx_word' id='word_1_149' title='bbox 330 2901 468 2973; x_wconf 87' lang='lat' dir='ltr'><strong>mitatis</strong></span> <span class='ocrx_word' id='word_1_150' title='bbox 484 2900 648 2974; x_wconf 89' lang='lat' dir='ltr'><strong>obtineat</strong></span> <span class='ocrx_word' id='word_1_151' title='bbox 670 2922 749 2973; x_wconf 85' lang='lat' dir='ltr'><strong>eam</strong></span> <span class='ocrx_word' id='word_1_152' title='bbox 776 2897 882 2995; x_wconf 84' lang='lat' dir='ltr'><strong>figilli</strong></span> <span class='ocrx_word' id='word_1_153' title='bbox 907 2898 1017 2974; x_wconf 91' lang='lat' dir='ltr'><strong>nostri</strong></span> <span class='ocrx_word' id='word_1_154' title='bbox 1044 2903 1244 2975; x_wconf 91' lang='lat' dir='ltr'><strong>munimine</strong></span> <span class='ocrx_word' id='word_1_155' title='bbox 1265 2911 1305 2975; x_wconf 89' lang='lat' dir='ltr'><strong>et</strong></span> <span class='ocrx_word' id='word_1_156' title='bbox 1329 2903 1551 2996; x_wconf 77' lang='lat' dir='ltr'><strong>appensione</strong></span> <span class='ocrx_word' id='word_1_157' title='bbox 1577 2900 1784 2995; x_wconf 79' lang='lat' dir='ltr'><strong>Sigillorum</strong></span> 
     </span>
     <span class='ocr_line' id='line_1_17' title="bbox 330 3033 1784 3135; baseline 0.001 -27"><span class='ocrx_word' id='word_1_158' title='bbox 330 3039 457 3131; x_wconf 92' lang='lat' dir='ltr'><strong>prioris</strong></span> <span class='ocrx_word' id='word_1_159' title='bbox 473 3048 513 3111; x_wconf 88' lang='lat' dir='ltr'><strong>et</strong></span> <span class='ocrx_word' id='word_1_160' title='bbox 538 3046 739 3112; x_wconf 85' lang='lat' dir='ltr'><strong>conventus</strong></span> <span class='ocrx_word' id='word_1_161' title='bbox 765 3036 1021 3111; x_wconf 69' lang='lat' dir='ltr'><strong>Sandiandree</strong></span> <span class='ocrx_word' id='word_1_162' title='bbox 1047 3048 1085 3112; x_wconf 87' lang='lat' dir='ltr'><strong>et</strong></span> <span class='ocrx_word' id='word_1_163' title='bbox 1112 3036 1272 3135; x_wconf 85' lang='lat' dir='ltr'><strong>magistri</strong></span> <span class='ocrx_word' id='word_1_164' title='bbox 1297 3038 1342 3113; x_wconf 84' lang='lat' dir='ltr'><strong>R.</strong></span> <span class='ocrx_word' id='word_1_165' title='bbox 1359 3038 1599 3111; x_wconf 88' lang='lat' dir='ltr'><strong>archidiaconi</strong></span> <span class='ocrx_word' id='word_1_166' title='bbox 1625 3033 1784 3109; x_wconf 90' lang='lat' dir='ltr'><strong>eiusdem</strong></span> 
     </span>
     <span class='ocr_line' id='line_1_18' title="bbox 330 3158 1784 3271; baseline -0.001 -24"><span class='ocrx_word' id='word_1_167' title='bbox 330 3171 480 3248; x_wconf 88' lang='lat' dir='ltr'><strong>ecclesie</strong></span> <span class='ocrx_word' id='word_1_168' title='bbox 496 3175 646 3271; x_wconf 81' lang='lat' dir='ltr'><strong>dignum</strong></span> <span class='ocrx_word' id='word_1_169' title='bbox 663 3174 833 3247; x_wconf 80' lang='lat' dir='ltr'><strong>duximus</strong></span> <span class='ocrx_word' id='word_1_170' title='bbox 851 3176 1017 3249; x_wconf 85' lang='lat' dir='ltr'><strong>roborare</strong></span> <span class='ocrx_word' id='word_1_171' title='bbox 1068 3176 1151 3249; x_wconf 91' lang='lat' dir='ltr'><strong>Hiis</strong></span> <span class='ocrx_word' id='word_1_172' title='bbox 1176 3158 1329 3250; x_wconf 81' lang='lat' dir='ltr'><strong>sestibus</strong></span> <span class='ocrx_word' id='word_1_173' title='bbox 1352 3172 1520 3271; x_wconf 79' lang='lat' dir='ltr'><strong>magistro</strong></span> <span class='ocrx_word' id='word_1_174' title='bbox 1547 3174 1590 3248; x_wconf 85' lang='lat' dir='ltr'><strong>R.</strong></span> <span class='ocrx_word' id='word_1_175' title='bbox 1608 3174 1784 3247; x_wconf 89' lang='lat' dir='ltr'><strong>archidia-</strong></span> 
     </span>
     <span class='ocr_line' id='line_1_19' title="bbox 330 3308 1784 3411; baseline -0.003 -25"><span class='ocrx_word' id='word_1_176' title='bbox 330 3336 420 3386; x_wconf 90' lang='lat' dir='ltr'><strong>cono</strong></span> <span class='ocrx_word' id='word_1_177' title='bbox 438 3311 693 3387; x_wconf 67' lang='lat' dir='ltr'><strong>Sandiandrce</strong></span> <span class='ocrx_word' id='word_1_178' title='bbox 709 3310 880 3408; x_wconf 83' lang='lat' dir='ltr'><strong>magistro</strong></span> <span class='ocrx_word' id='word_1_179' title='bbox 897 3310 939 3384; x_wconf 87' lang='lat' dir='ltr'><strong>L.</strong></span> <span class='ocrx_word' id='word_1_180' title='bbox 952 3312 1099 3411; x_wconf 40' lang='lat' dir='ltr'><strong>‚officiali</strong></span> <span class='ocrx_word' id='word_1_181' title='bbox 1116 3310 1285 3411; x_wconf 77' lang='lat' dir='ltr'><strong>magistro</strong></span> <span class='ocrx_word' id='word_1_182' title='bbox 1301 3313 1350 3386; x_wconf 88' lang='lat' dir='ltr'><strong>A.</strong></span> <span class='ocrx_word' id='word_1_183' title='bbox 1369 3315 1415 3387; x_wconf 91' lang='lat' dir='ltr'><strong>de</strong></span> <span class='ocrx_word' id='word_1_184' title='bbox 1432 3313 1602 3387; x_wconf 87' lang='lat' dir='ltr'><strong>Morauia</strong></span> <span class='ocrx_word' id='word_1_185' title='bbox 1618 3308 1784 3409; x_wconf 77' lang='lat' dir='ltr'><strong>magistro</strong></span> 
     </span>
     <span class='ocr_line' id='line_1_20' title="bbox 330 3447 1784 3546; baseline -0.001 -24"><span class='ocrx_word' id='word_1_186' title='bbox 330 3448 515 3545; x_wconf 84' lang='lat' dir='ltr'><strong>Stephano</strong></span> <span class='ocrx_word' id='word_1_187' title='bbox 552 3447 721 3546; x_wconf 83' lang='lat' dir='ltr'><strong>magistro</strong></span> <span class='ocrx_word' id='word_1_188' title='bbox 755 3448 802 3523; x_wconf 88' lang='lat' dir='ltr'><strong>A.</strong></span> <span class='ocrx_word' id='word_1_189' title='bbox 838 3451 942 3522; x_wconf 87' lang='lat' dir='ltr'><strong>cwid.</strong></span> <span class='ocrx_word' id='word_1_190' title='bbox 974 3447 1142 3546; x_wconf 81' lang='lat' dir='ltr'><strong>magistro</strong></span> <span class='ocrx_word' id='word_1_191' title='bbox 1177 3451 1361 3525; x_wconf 83' lang='lat' dir='ltr'><strong>Michaele</strong></span> <span class='ocrx_word' id='word_1_192' title='bbox 1398 3450 1509 3523; x_wconf 90' lang='lat' dir='ltr'><strong>Petro</strong></span> <span class='ocrx_word' id='word_1_193' title='bbox 1538 3460 1577 3524; x_wconf 86' lang='lat' dir='ltr'><strong>et</strong></span> <span class='ocrx_word' id='word_1_194' title='bbox 1607 3448 1784 3523; x_wconf 80' lang='lat' dir='ltr'><strong>Eduardo</strong></span> 
     </span>
     <span class='ocr_line' id='line_1_21' title="bbox 331 3587 1117 3683; baseline -0.003 -20"><span class='ocrx_word' id='word_1_195' title='bbox 331 3588 525 3683; x_wconf 86' lang='lat' dir='ltr'><strong>capellanis</strong></span> <span class='ocrx_word' id='word_1_196' title='bbox 552 3587 599 3661; x_wconf 90' lang='lat' dir='ltr'><strong>R.</strong></span> <span class='ocrx_word' id='word_1_197' title='bbox 616 3589 812 3661; x_wconf 84' lang='lat' dir='ltr'><strong>camerario</strong></span> <span class='ocrx_word' id='word_1_198' title='bbox 831 3597 870 3660; x_wconf 83' lang='lat' dir='ltr'><strong>et</strong></span> <span class='ocrx_word' id='word_1_199' title='bbox 886 3587 1012 3660; x_wconf 89' lang='lat' dir='ltr'><strong>multis</strong></span> <span class='ocrx_word' id='word_1_200' title='bbox 1028 3587 1117 3661; x_wconf 89' lang='lat' dir='ltr'><strong>aliis.</strong></span> 
     </span>
    </p>
   </div>
   <div class='ocr_carea' id='block_1_3' title="bbox 329 3860 1683 3961">
    <p class='ocr_par' dir='ltr' id='par_1_3' title="bbox 329 3860 1683 3961">
     <span class='ocr_line' id='line_1_22' title="bbox 329 3860 1683 3961; baseline -0.001 -24"><span class='ocrx_word' id='word_1_201' title='bbox 329 3864 439 3937; x_wconf 86' lang='lat' dir='ltr'><strong>Carta</strong></span> <span class='ocrx_word' id='word_1_202' title='bbox 453 3864 631 3937; x_wconf 88' lang='lat' dir='ltr'><strong>Johannis</strong></span> <span class='ocrx_word' id='word_1_203' title='bbox 648 3861 802 3958; x_wconf 89' lang='lat' dir='ltr'><strong>episcopi</strong></span> <span class='ocrx_word' id='word_1_204' title='bbox 821 3860 1090 3937; x_wconf 85' lang='lat' dir='ltr'><strong>Dunkeldenfis</strong></span> <span class='ocrx_word' id='word_1_205' title='bbox 1108 3864 1153 3937; x_wconf 92' lang='lat' dir='ltr'><strong>de</strong></span> <span class='ocrx_word' id='word_1_206' title='bbox 1172 3863 1275 3961; x_wconf 84' lang='lat' dir='ltr'><strong>Logy</strong></span> <span class='ocrx_word' id='word_1_207' title='bbox 1291 3865 1447 3939; x_wconf 85' lang='lat' dir='ltr'><strong>mehedd</strong></span> <span class='ocrx_word' id='word_1_208' title='bbox 1466 3868 1503 3936; x_wconf 93' lang='lat' dir='ltr'><strong>in</strong></span> <span class='ocrx_word' id='word_1_209' title='bbox 1520 3863 1683 3937; x_wconf 72' lang='lat' dir='ltr'><strong>Acholia</strong></span> 
     </span>
    </p>
   </div>
   <div class='ocr_carea' id='block_1_4' title="bbox 259 4118 1782 5069">
    <p class='ocr_par' dir='ltr' id='par_1_4' title="bbox 259 4118 1782 5069">
     <span class='ocr_line' id='line_1_23' title="bbox 259 4118 1782 4237; baseline 0 -28"><span class='ocrx_word' id='word_1_210' title='bbox 259 4146 304 4211; x_wconf 87' lang='lat'><strong>55</strong></span> <span class='ocrx_word' id='word_1_211' title='bbox 331 4118 363 4215; x_wconf 85' lang='lat' dir='ltr'>J</span> <span class='ocrx_word' id='word_1_212' title='bbox 367 4141 526 4213; x_wconf 87' lang='lat' dir='ltr'><strong>ohannes</strong></span> <span class='ocrx_word' id='word_1_213' title='bbox 543 4139 614 4213; x_wconf 89' lang='lat' dir='ltr'><strong>Dei</strong></span> <span class='ocrx_word' id='word_1_214' title='bbox 638 4143 756 4237; x_wconf 79' lang='lat' dir='ltr'><strong>gratia</strong></span> <span class='ocrx_word' id='word_1_215' title='bbox 781 4137 930 4213; x_wconf 78' lang='lat' dir='ltr'><strong>ecclesie</strong></span> <span class='ocrx_word' id='word_1_216' title='bbox 956 4136 1225 4213; x_wconf 81' lang='lat' dir='ltr'><strong>Dnnkeldcnsrs</strong></span> <span class='ocrx_word' id='word_1_217' title='bbox 1250 4139 1398 4212; x_wconf 90' lang='lat' dir='ltr'><strong>humilis</strong></span> <span class='ocrx_word' id='word_1_218' title='bbox 1424 4136 1585 4215; x_wconf 87' lang='lat' dir='ltr'><strong>minister</strong></span> <span class='ocrx_word' id='word_1_219' title='bbox 1610 4134 1782 4209; x_wconf 81' lang='lat' dir='ltr'><strong>univerfis</strong></span> 
     </span>
     <span class='ocr_line' id='line_1_24' title="bbox 328 4272 1781 4357; baseline -0.004 -3"><span class='ocrx_word' id='word_1_220' title='bbox 328 4283 447 4357; x_wconf 76' lang='lat' dir='ltr'><strong>sanita</strong></span> <span class='ocrx_word' id='word_1_221' title='bbox 464 4284 590 4357; x_wconf 90' lang='lat' dir='ltr'><strong>matris</strong></span> <span class='ocrx_word' id='word_1_222' title='bbox 607 4278 755 4355; x_wconf 75' lang='lat' dir='ltr'><strong>ecclesie</strong></span> <span class='ocrx_word' id='word_1_223' title='bbox 771 4280 854 4355; x_wconf 85' lang='lat' dir='ltr'><strong>filiis</strong></span> <span class='ocrx_word' id='word_1_224' title='bbox 869 4277 1021 4354; x_wconf 81' lang='lat' dir='ltr'><strong>sulutem</strong></span> <span class='ocrx_word' id='word_1_225' title='bbox 1073 4280 1175 4353; x_wconf 83' lang='lat' dir='ltr'><strong>Sciat</strong></span> <span class='ocrx_word' id='word_1_226' title='bbox 1190 4274 1402 4351; x_wconf 75' lang='lat' dir='ltr'><strong>universitas</strong></span> <span class='ocrx_word' id='word_1_227' title='bbox 1420 4272 1537 4348; x_wconf 88' lang='lat' dir='ltr'><strong>vestra</strong></span> <span class='ocrx_word' id='word_1_228' title='bbox 1560 4298 1626 4347; x_wconf 90' lang='lat' dir='ltr'><strong>nos</strong></span> <span class='ocrx_word' id='word_1_229' title='bbox 1650 4273 1781 4348; x_wconf 84' lang='lat' dir='ltr'><strong>dodillo</strong></span> 
     </span>
     <span class='ocr_line' id='line_1_25' title="bbox 328 4412 1782 4515; baseline -0.007 -20"><span class='ocrx_word' id='word_1_230' title='bbox 328 4416 527 4495; x_wconf 80' lang='lat' dir='ltr'><strong>concesllsse</strong></span> <span class='ocrx_word' id='word_1_231' title='bbox 552 4430 592 4493; x_wconf 88' lang='lat' dir='ltr'><strong>et</strong></span> <span class='ocrx_word' id='word_1_232' title='bbox 615 4418 772 4515; x_wconf 87' lang='lat' dir='ltr'><strong>presenti</strong></span> <span class='ocrx_word' id='word_1_233' title='bbox 798 4428 896 4492; x_wconf 86' lang='lat' dir='ltr'><strong>carta</strong></span> <span class='ocrx_word' id='word_1_234' title='bbox 921 4412 1141 4492; x_wconf 80' lang='lat' dir='ltr'><strong>confirmasse</strong></span> <span class='ocrx_word' id='word_1_235' title='bbox 1166 4416 1289 4491; x_wconf 88' lang='lat' dir='ltr'><strong>abbati</strong></span> <span class='ocrx_word' id='word_1_236' title='bbox 1316 4417 1363 4488; x_wconf 90' lang='lat' dir='ltr'><strong>dc</strong></span> <span class='ocrx_word' id='word_1_237' title='bbox 1390 4414 1508 4487; x_wconf 84' lang='lat' dir='ltr'><strong>Scene</strong></span> <span class='ocrx_word' id='word_1_238' title='bbox 1537 4425 1576 4487; x_wconf 90' lang='lat' dir='ltr'><strong>et</strong></span> <span class='ocrx_word' id='word_1_239' title='bbox 1600 4416 1782 4489; x_wconf 87' lang='lat' dir='ltr'><strong>canonicis</strong></span> 
     </span>
     <span class='ocr_line' id='line_1_26' title="bbox 327 4554 1780 4647; baseline -0.008 -15"><span class='ocrx_word' id='word_1_240' title='bbox 327 4560 462 4632; x_wconf 90' lang='lat' dir='ltr'><strong>ibidem</strong></span> <span class='ocrx_word' id='word_1_241' title='bbox 488 4557 568 4631; x_wconf 90' lang='lat' dir='ltr'><strong>Deo</strong></span> <span class='ocrx_word' id='word_1_242' title='bbox 593 4558 829 4631; x_wconf 76' lang='lat' dir='ltr'><strong>servientibus</strong></span> <span class='ocrx_word' id='word_1_243' title='bbox 847 4566 886 4629; x_wconf 89' lang='lat' dir='ltr'><strong>et</strong></span> <span class='ocrx_word' id='word_1_244' title='bbox 909 4554 1092 4630; x_wconf 87' lang='lat' dir='ltr'><strong>servituris</strong></span> <span class='ocrx_word' id='word_1_245' title='bbox 1117 4557 1155 4627; x_wconf 91' lang='lat' dir='ltr'><strong>in</strong></span> <span class='ocrx_word' id='word_1_246' title='bbox 1180 4554 1333 4627; x_wconf 88' lang='lat' dir='ltr'><strong>liberam</strong></span> <span class='ocrx_word' id='word_1_247' title='bbox 1357 4576 1484 4647; x_wconf 90' lang='lat' dir='ltr'><strong>puram</strong></span> <span class='ocrx_word' id='word_1_248' title='bbox 1507 4566 1545 4624; x_wconf 90' lang='lat' dir='ltr'><strong>et</strong></span> <span class='ocrx_word' id='word_1_249' title='bbox 1569 4562 1780 4647; x_wconf 90' lang='lat' dir='ltr'><strong>perpetuam</strong></span> 
     </span>
     <span class='ocr_line' id='line_1_27' title="bbox 328 4690 1779 4792; baseline -0.01 -19"><span class='ocrx_word' id='word_1_250' title='bbox 328 4696 559 4773; x_wconf 86' lang='lat' dir='ltr'><strong>elemosinam</strong></span> <span class='ocrx_word' id='word_1_251' title='bbox 593 4693 779 4771; x_wconf 83' lang='lat' dir='ltr'><strong>ecclesram</strong></span> <span class='ocrx_word' id='word_1_252' title='bbox 814 4696 859 4768; x_wconf 88' lang='lat' dir='ltr'><strong>de</strong></span> <span class='ocrx_word' id='word_1_253' title='bbox 893 4694 995 4792; x_wconf 80' lang='lat' dir='ltr'><strong>Logy</strong></span> <span class='ocrx_word' id='word_1_254' title='bbox 1029 4694 1185 4767; x_wconf 89' lang='lat' dir='ltr'><strong>mehedd</strong></span> <span class='ocrx_word' id='word_1_255' title='bbox 1220 4694 1259 4765; x_wconf 94' lang='lat' dir='ltr'><strong>in</strong></span> <span class='ocrx_word' id='word_1_256' title='bbox 1295 4690 1461 4764; x_wconf 86' lang='lat' dir='ltr'><strong>Athollia</strong></span> <span class='ocrx_word' id='word_1_257' title='bbox 1498 4714 1581 4763; x_wconf 90' lang='lat' dir='ltr'><strong>cum</strong></span> <span class='ocrx_word' id='word_1_258' title='bbox 1611 4690 1779 4783; x_wconf 87' lang='lat' dir='ltr'><strong>plenariis</strong></span> 
     </span>
     <span class='ocr_line' id='line_1_28' title="bbox 329 4824 1779 4911; baseline -0.008 0"><span class='ocrx_word' id='word_1_259' title='bbox 329 4838 476 4911; x_wconf 83' lang='lat' dir='ltr'><strong>decimis</strong></span> <span class='ocrx_word' id='word_1_260' title='bbox 514 4844 553 4909; x_wconf 87' lang='lat' dir='ltr'><strong>ct</strong></span> <span class='ocrx_word' id='word_1_261' title='bbox 586 4833 768 4907; x_wconf 88' lang='lat' dir='ltr'><strong>beneficiis</strong></span> <span class='ocrx_word' id='word_1_262' title='bbox 803 4842 841 4906; x_wconf 89' lang='lat' dir='ltr'><strong>et</strong></span> <span class='ocrx_word' id='word_1_263' title='bbox 874 4832 1149 4908; x_wconf 64' lang='lat' dir='ltr'><strong>rectitudinibus</strong></span> <span class='ocrx_word' id='word_1_264' title='bbox 1185 4831 1229 4903; x_wconf 87' lang='lat' dir='ltr'><strong>ad</strong></span> <span class='ocrx_word' id='word_1_265' title='bbox 1270 4831 1422 4903; x_wconf 89' lang='lat' dir='ltr'><strong>eandem</strong></span> <span class='ocrx_word' id='word_1_266' title='bbox 1463 4824 1648 4903; x_wconf 70' lang='lat' dir='ltr'><strong>ecclesiam</strong></span> <span class='ocrx_word' id='word_1_267' title='bbox 1688 4824 1779 4900; x_wconf 89' lang='lat' dir='ltr'><strong>iuste</strong></span> 
     </span>
     <span class='ocr_line' id='line_1_29' title="bbox 327 4965 1779 5069; baseline -0.01 -19"><span class='ocrx_word' id='word_1_268' title='bbox 327 4972 591 5069; x_wconf 83' lang='lat' dir='ltr'><strong>pertinentibus</strong></span> <span class='ocrx_word' id='word_1_269' title='bbox 622 4971 792 5045; x_wconf 85' lang='lat' dir='ltr'><strong>videlicet</strong></span> <span class='ocrx_word' id='word_1_270' title='bbox 819 4972 864 5045; x_wconf 84' lang='lat' dir='ltr'><strong>de</strong></span> <span class='ocrx_word' id='word_1_271' title='bbox 891 4968 990 5042; x_wconf 86' lang='lat' dir='ltr'><strong>Rath</strong></span> <span class='ocrx_word' id='word_1_272' title='bbox 1019 4992 1089 5063; x_wconf 89' lang='lat' dir='ltr'><strong>que</strong></span> <span class='ocrx_word' id='word_1_273' title='bbox 1117 4966 1170 5041; x_wconf 85' lang='lat' dir='ltr'><strong>est</strong></span> <span class='ocrx_word' id='word_1_274' title='bbox 1198 4970 1314 5062; x_wconf 89' lang='lat' dir='ltr'><strong>capud</strong></span> <span class='ocrx_word' id='word_1_275' title='bbox 1342 4970 1535 5040; x_wconf 88' lang='lat' dir='ltr'><strong>comitatus</strong></span> <span class='ocrx_word' id='word_1_276' title='bbox 1562 4965 1673 5037; x_wconf 88' lang='lat' dir='ltr'><strong>etde</strong></span> <span class='ocrx_word' id='word_1_277' title='bbox 1700 4974 1779 5061; x_wconf 87' lang='lat' dir='ltr'><strong>toto</strong></span> 
     </span>
    </p>
   </div>
   <div class='ocr_carea' id='block_1_5' title="bbox 0 0 2464 6504">
    <p class='ocr_par' dir='ltr' id='par_1_5' title="bbox 0 0 2464 6504">
     <span class='ocr_line' id='line_1_30' title="bbox 0 0 2464 6504; baseline 0 0"><span class='ocrx_word' id='word_1_278' title='bbox 0 0 2464 6504; x_wconf 95' lang='lat' dir='ltr'><strong> </strong></span> 
     </span>
    </p>
   </div>
  </div>
 </body>
</html>
