4917 6509
672 866 740 941 176
1180 861 1335 933 LIBER
1363 860 1607 933 ECCIAESIE
1962 883 2117 933 raom.

646 1082 648 1087 ·
670 1064 835 1133 omnibus
853 1070 891 1132 et
908 1084 972 1154 per
988 1063 1108 1131 omnia
1124 1055 1216 1132 ficut
1236 1061 1356 1153 aliqua
1380 1057 1573 1133 elemosina
1598 1062 1692 1133 infra
1716 1062 1885 1155 Regnum
1912 1062 2041 1133 Scocie
2055 1084 2119 1153 per

670 1202 825 1292 aliquem
856 1201 1025 1271 baronem
1056 1196 1212 1293 ejusdem
1248 1200 1456 1271 conceditur
1485 1195 1558 1270 five
1587 1200 1694 1271 <latur
1724 1198 1846 1271 Etiam
1879 1202 1975 1271 inter
2007 1200 2119 1271 diuos
2150 1197 2152 1200 ’

533 1428 536 1437 .
670 1340 832 1409 dominos
849 1337 1032 1409 Abbatem
1051 1346 1089 1408 et
1106 1347 1326 1409 conventum
1340 1346 1380 1408 et
1398 1337 1578 1429 prefatum
1603 1338 1789 1409 dominum
1814 1337 2018 1409 Jobannem
2037 1360 2120 1407 con·
2220 1332 2227 1341 ’

671 1478 856 1548 cordatum
882 1472 935 1547 est
960 1477 1053 1567 quod
1081 1477 1201 1547 omnia
1225 1477 1451 1546 munimenta
1476 1486 1515 1545 et
1539 1475 1725 1547 evidencie
1750 1478 1846 1547 inter
1865 1476 2024 1568 prefatos
2040 1476 2121 1545 reli·

669 1614 784 1708 giosos
810 1617 903 1686 viros
929 1624 966 1684 et
993 1595 1128 1685 dietum
1154 1614 1334 1705 quondam
1360 1624 1500 1707 patrem
1525 1611 1628 1683 suum
1652 1612 1758 1706 super
1782 1615 2053 1684 continuatione
2083 1624 2120 1682 et

671 1750 926 1823 sustentatione
947 1751 1031 1822 dini
1057 1752 1168 1821 divini
1186 1748 1318 1822 servitii
1335 1752 1432 1842 prius
1450 1751 1543 1821 satta
1567 1747 1666 1821 illesa
1690 1759 1729 1821 et
1754 1750 1895 1845 integra
1911 1759 2121 1821 remaneant

670 1915 734 1983 pro
760 1900 932 1983 perpetuo
961 1892 998 1959 in
1016 1886 1078 1959 suo
1103 1890 1229 1960 robore
1252 1890 1424 1959 duratura
1449 1926 1457 1941 ·
1482 1886 1526 1957 In
1552 1888 1655 1980 cujus
1678 1891 1729 1959 rei
1753 1884 2001 1960 testimonium
2025 1890 2120 1981 parti

671 2028 776 2119 hujus
812 2026 1011 2098 ludenture
1044 2050 1154 2119 penes
1183 2028 1341 2119 prelatos
1374 2021 1556 2119 religiosos
1590 2009 1684 2097 viros
1717 2028 1918 2097 remanenti
1953 2024 2120 2119 Sigillum

672 2167 756 2235 dicti
783 2166 918 2236 domini
944 2164 1120 2237 Johannis
1141 2161 1195 2235 est
1220 2161 1416 2257 appensum
1441 2163 1563 2236 Alteri
1581 2187 1664 2235 vero
1689 2167 1782 2257 parti
1808 2186 1919 2256 penes
1944 2164 2120 2258 prelatum

672 2268 856 2373 dominnm
872 2302 897 2372 J
900 2303 1076 2374 ohannem
1103 2304 1304 2373 remanenti
1329 2301 1498 2396 Sigillum
1524 2302 1727 2373 Commune
1750 2302 1926 2373 ditiorum
1944 2298 2122 2394 religioso·

672 2464 750 2511 rum
771 2444 924 2511 virorum
943 2436 995 2511 est
1013 2438 1207 2533 appensum
1225 2439 1335 2511 Anno
1353 2440 1413 2510 die
1429 2436 1550 2510 mense
1568 2450 1606 2510 ct
1625 2439 1702 2511 loco
1720 2438 1922 2533 prescriptis
1939 2478 1947 2493 ·

674 2718 813 2789 Littera
830 2718 1073 2810 procuratorio
1091 2714 1239 2809 Hugoni
1257 2717 1428 2785 canonico
1447 2716 1462 2771 ·'

557 3004 639 3067 cre.
679 2968 876 3067 Universrs
893 2990 1011 3064 sance
1029 2992 1152 3063 matria
1169 2986 1318 3062 ecclesie
1335 2990 1419 3060 filiis
1433 2990 1479 3061 ad
1503 3013 1592 3082 quoa
1607 2990 1791 3084 presentes
1806 2991 1929 3062 littere
1954 3015 2125 3086 pervene-

674 3134 746 3202 rint
765 3129 946 3201 Henricus
962 3125 1188 3201 miseratione
1212 3129 1334 3199 diviua
1351 3125 1476 3208 Abbaa
1502 3128 1547 3198 de
1573 3127 1693 3200 Scona
1717 3138 1755 3199 et
1780 3128 1937 3223 ejusdem
1955 3129 2024 3203 loci
2042 3155 2125 3202 con·

673 3280 803 3339 ventus
820 3276 982 3339 eternam
1005 3270 1044 3337 in
1065 3268 1209 3338 domino
1228 3266 1393 3337 Salutem
1410 3303 1418 3321 ·
1436 3263 1482 3335 In
1507 3268 1674 3337 omuibus
1687 3262 1812 3339 caulis
1838 3289 1902 3339 noa
1927 3280 1966 3339 et
1988 3268 2126 3341 monas·

673 3408 804 3475 terium
828 3401 988 3475 nostrum
1018 3403 1327 3495 qualitercumque
1356 3403 1588 3496 tangentibus
1619 3407 1726 3475 motis
1755 3402 1818 3475 seu
1846 3408 2033 3478 movendis
2060 3432 2124 3501 pro

674 3543 776 3611 nobis
802 3539 862 3612 seu
889 3549 1015 3611 contra
1039 3562 1104 3609 noa
1119 3562 1130 3609 s
1147 3548 1273 3611 contra
1298 3538 1539 3632 quoscumque
1567 3540 1623 3610 vel
1649 3564 1671 3611 a
1696 3538 1963 3635 quibuscunque
1977 3564 1990 3613 s
2005 3568 2125 3617 coram

675 3674 954 3769 quibuscumque
983 3674 1173 3745 Judicibus
1204 3674 1389 3745 ordinariis
1418 3714 1426 3730 ·
1454 3677 1629 3772 delegatis
1654 3675 1894 3773 subdelegatia
1923 3678 2125 3753 comissariia

675 3814 736 3885 seu
765 3814 907 3887 arbitris
936 3809 1206 3905 quibuscunque
1237 3812 1364 3884 diebus
1392 3825 1430 3883 et
1460 3814 1547 3885 locis
1576 3852 1584 3870 ·
1615 3813 1811 3909 Hugonem
1845 3819 2126 3889 concanonicum

676 3948 833 4023 nostrum
852 3949 1090 4022 exhibitorem
1108 3948 1326 4043 presentium
1344 3960 1609 4044 procuratorem
1635 3950 1795 4025 nostrum
1821 3955 1971 4025 facimus
1987 3966 2027 4026 et
2044 3980 2127 4027 oon-
2234 4043 2240 4055 ι

676 4088 856 4161 stituimus
882 4111 946 4181 per
970 4085 1153 4181 presentes
1172 4128 1179 4142 ·
1199 4087 1328 4158 dantes
1353 4088 1470 4159 eidem
1496 4084 1712 4181 potestatem
1739 4100 1777 4160 et
1803 4088 1955 4185 speciale
1980 4094 2126 4165 manda·

676 4241 754 4299 turn
774 4267 782 4283 ·
799 4226 929 4321 agendi
954 4248 1018 4319 pro
1044 4224 1148 4296 nobis
1164 4223 1298 4317 nosque
1316 4225 1530 4299 defendendi
1549 4228 1764 4321 expediendi
1781 4229 1976 4323 replicandi
1994 4268 2002 4287 ·
2020 4228 2127 4303 testea

677 4377 714 4437 et
736 4368 943 4458 juramenta
969 4362 1187 4456 producendi
1217 4373 1257 4433 et
1286 4364 1480 4457 replicandi
1495 4405 1518 4430 .·
1550 4364 1654 4435 litem
1679 4362 1902 4439 contestandi
1928 4370 1966 4438 in
1991 4372 2127 4441 animas

678 4500 813 4575 nostrae
838 4484 976 4573 iurandi
1009 4502 1053 4572 de
1083 4496 1286 4594 calumpnia
1315 4512 1352 4572 et
1383 4504 1535 4573 veritate
1565 4502 1716 4573 dicenda
1744 4544 1752 4560 ·
1779 4503 1951 4597 expensas
1981 4509 2127 4599 petendi

678 4642 817 4713 iurandi
835 4651 874 4710 et
887 4638 1124 4732 Recipicndil
1141 4637 1254 4709 alium
1271 4647 1537 4731 procuratorem
1551 4638 1629 4709 loco
1642 4635 1695 4710 sui
1707 4638 1946 4712 substituendi
1964 4645 2129 4734 quotiens

680 4776 744 4849 srbi
757 4776 870 4849 visum
889 4777 998 4847 fuerit
1015 4774 1231 4869 expediendi
1244 4786 1283 4847 et
1296 4777 1417 4846 omnia
1433 4774 1504 4847 alia
1519 4786 1557 4845 et
1576 4773 1713 4870 singula
1729 4776 1883 4848 faciendi
1901 4780 1940 4848 in
1955 4775 2127 4872 premiilia

680 4929 718 4986 et
736 4918 829 4985 circa
845 4909 1007 5007 premissa
1023 4936 1094 5005 que
1112 4934 1216 4984 verus
1230 4922 1268 4984 et
1281 4912 1465 5008 legitimus
1481 4925 1690 5005 procurator
1706 4915 1823 4987 facere
1840 4912 1958 5009 potest
1973 4927 2012 4988 et
2028 4939 2129 4987 man·

682 5053 806 5123 datum
820 5049 971 5143 speciale
990 5052 1175 5143 requirunt
1194 5050 1329 5123 Ratum
1344 5060 1382 5120 et
1395 5050 1537 5120 firmum
1551 5051 1727 5123 habentes
1740 5062 1777 5122 et
1789 5052 1946 5124 babituri
1964 5055 2131 5146 quicquid
