4917 6509
685 772 731 835 30
1195 762 1353 835 LIBER
1377 760 1625 838 ECOLESIE
1966 782 2043 835 suc.
2062 781 2132 833 xu.

684 1100 793 1171 Carta
811 1098 990 1171 Willelmi
1008 1098 1119 1196 Regis
1137 1098 1327 1173 Willelmo
1345 1100 1529 1175 Galeatori
1547 1101 1718 1174 consalta.

614 1368 659 1436 46
682 1350 904 1449 Willelmus
922 1377 980 1449 dei
1006 1377 1122 1472 gratia
1143 1376 1226 1449 Rex
1244 1374 1454 1450 Scottorum
1470 1378 1636 1450 omnibus
1658 1378 1780 1472 probis
1804 1376 2010 1448 hominibus
2026 1376 2139 1445 totius

684 1526 779 1587 terre
795 1511 857 1586 sue
874 1513 1011 1586 clericis
1029 1522 1067 1585 et
1085 1511 1185 1587 laicis
1207 1511 1362 1586 salutem
1403 1512 1530 1588 Sciant
1545 1510 1729 1609 presentes
1745 1523 1784 1586 et
1801 1513 1913 1585 hrturi
1930 1537 1990 1585 me
2007 1506 2138 1584 dedisse

685 1662 723 1723 et
740 1647 939 1725 concessisse
957 1658 995 1723 et
1012 1652 1080 1723 hac
1100 1662 1200 1723 carta
1224 1674 1307 1723 mea
1326 1648 1545 1725 confirmasse
1563 1650 1754 1723 Willelmo
1777 1650 1962 1725 Galeatori
1978 1648 2140 1744 platyam

683 1791 784 1863 illam
802 1790 915 1861 dcxx
933 1800 971 1861 et
988 1785 1050 1861 sex
1067 1789 1219 1884 pedibus
1245 1790 1283 1859 in
1309 1788 1537 1886 longitudine
1559 1800 1599 1863 et
1624 1791 1670 1862 de
1686 1791 1814 1886 viginti
1837 1789 1987 1884 pedibus
2003 1788 2042 1858 in
2058 1784 2141 1858 lati·

684 1929 812 1999 tudine
837 1930 875 1999 in
899 1929 1012 2023 burgo
1035 1951 1119 1999 meo
1146 1928 1192 1999 de
1218 1935 1300 2021 pert
1323 1950 1431 2021 quam
1460 1926 1624 2024 Rogems
1646 1929 1692 2001 de
1716 1924 1922 1999 Mortemer
1942 1926 2142 1998 vicecomes

684 2088 787 2137 meus
805 2066 850 2137 de
866 2074 947 2159 pert
964 2066 998 2136 ei
1016 2066 1165 2137 tradidit
1181 2088 1247 2159 per
1267 2074 1481 2160 preceptum
1503 2088 1627 2139 meum
1677 2064 1786 2139 Illam
1808 2062 1937 2137 scilicit
1954 2086 2025 2157 que
2046 2064 2141 2135 iacet

686 2207 784 2275 inter
812 2212 946 2275 terram
972 2200 1088 2275 serlon
1111 2197 1269 2275 incisoris
1294 2211 1333 2275 et
1358 2212 1492 2276 terram
1517 2203 1645 2277 Jacobi
1673 2204 1811 2276 tinlrler
1833 2198 1985 2275 Tenend
2009 2196 2075 2275 fibi
2101 2212 2141 2273 et

653 2442 654 2445 Ἴ
686 2342 877 2415 heredibus
895 2338 965 2413 suis
983 2340 1029 2412 de
1046 2363 1106 2412 me
1123 2349 1162 2412 et
1187 2340 1379 2411 heredibus
1402 2341 1494 2413 meis
1511 2342 1549 2414 in
1566 2342 1676 2415 feudo
1693 2352 1732 2414 et
1748 2342 1951 2415 hereditate
1974 2340 2088 2413 libere
2104 2350 2143 2411 et

686 2480 808 2571 quiete
818 2478 1019 2551 Reddendo
1033 2478 1117 2550 inde
1128 2473 1275 2573 lingulis
1289 2478 1392 2550 annis
1408 2478 1497 2550 duos
1509 2479 1667 2575 capellos
1679 2480 1764 2553 ferri
1774 2476 1939 2552 'restibus
1952 2478 2142 2551 Willelmo

686 2618 731 2688 de
741 2614 855 2689 Bosco
869 2614 1080 2689 cancellario
1091 2612 1283 2687 Willelmo
1293 2613 1427 2685 Cumin
1444 2617 1578 2689 comite
1595 2617 1641 2689 de
1657 2616 1809 2689 Buchan
1824 2612 2022 2710 justiciario
2039 2614 2143 2689 Scot-

685 2763 806 2825 torum
820 2753 979 2850 Hugone
996 2753 1042 2825 de
1055 2749 1170 2849 sugillo
1188 2750 1319 2823 clerico
1336 2774 1417 2823 meo
1431 2751 1575 2849 Rogero
1593 2754 1638 2825 de
1652 2754 1854 2826 Mortemer
1870 2756 2081 2827 vicecomite
2098 2757 2143 2827 de

687 2864 768 2984 pert
791 2890 948 2964 Ricardo
977 2890 1098 2963 Kenel
1148 2888 1259 2984 Apud
1277 2888 1477 2963 Striueline
1495 2892 1555 2986 viij
1574 2893 1633 2965 die
1649 2890 1885 2986 Septembris.

635 3252 646 3272 ⁶
686 3167 795 3240 Carta
813 3168 958 3241 Ricardi
976 3165 1131 3261 episcopi
1149 3164 1272 3239 Sancti
1290 3165 1440 3240 Andree
1459 3167 1506 3240 de
1522 3169 1663 3242 decima
1679 3165 1825 3263 piscarie
1843 3169 1889 3241 de
1906 3167 2035 3242 Scona.

616 3447 661 3519 47
684 3419 873 3516 Ricardus
890 3440 961 3513 Dei
987 3441 1103 3535 gratia
1128 3438 1251 3512 Ecclie
1276 3438 1400 3514 sanci
1423 3441 1573 3516 Andree
1594 3442 1741 3517 humilis
1765 3442 1928 3517 minister
1964 3442 2145 3519 Omnibus

685 3580 768 3651 filiis
793 3576 913 3651 fauste
939 3578 1064 3649 matris
1087 3573 1235 3649 ecclesie
1256 3574 1410 3651 salutem
1453 3579 1579 3653 Sciant
1603 3603 1729 3653 omnes
1752 3588 1792 3653 et
1816 3580 1982 3655 absentes
2005 3592 2045 3656 et
2066 3607 2146 3678 pre·

685 3718 805 3791 sentes
822 3739 888 3789 noe
913 3710 1113 3788 concessisse
1138 3722 1177 3786 et
1194 3716 1233 3786 in
1259 3724 1471 3810 perpetuam
1497 3713 1726 3791 elemosinam
1748 3722 1950 3793 munimine
1972 3719 2147 3816 presentis

685 3854 807 3950 scripti
832 3848 1052 3927 confirmasse
1077 3846 1225 3928 ecclesie
1250 3848 1369 3925 sance
1385 3854 1559 3928 trinitatis
1577 3856 1622 3928 de
1648 3855 1745 3929 Scon
1761 3867 1801 3931 et
1816 3861 1996 3932 canonicis
2012 3860 2148 3934 ibidem

686 3993 768 4066 Deo
785 3989 1026 4065 servientibus
1052 3990 1229 4062 decimam
1247 3991 1361 4063 totius
1384 3988 1533 4086 piscarie
1549 3993 1596 4066 de
1619 3992 1738 4068 Scona
1763 3997 1801 4067 in
1823 4019 1967 4070 annona
1982 4008 2021 4070 et
2037 3996 2147 4071 caseis

685 4134 724 4203 in
742 4129 968 4225 captionibus
994 4122 1144 4222 piscium
1162 4136 1200 4199 et
1216 4129 1255 4201 in
1272 4128 1439 4202 omnibus
1459 4131 1539 4203 aliis
1555 4134 1654 4205 unde
1670 4135 1810 4206 decima
1826 4134 1902 4207 duri
1919 4136 2030 4209 debet
2047 4136 2146 4223 Quo·

687 4272 782 4355 circa
794 4267 1025 4361 prohibemus
1038 4272 1077 4338 et
1087 4262 1290 4360 Episcopali
1303 4267 1518 4342 austeritate
1530 4270 1777 4345 interdicimus
1789 4296 1837 4345 ne
1849 4271 1977 4366 aliquis
1988 4275 2147 4369 predicte

686 4411 825 4483 decime
843 4410 895 4480 eis
919 4416 1059 4503 purtem
1083 4404 1217 4501 absque
1241 4405 1415 4481 consensu
1436 4416 1477 4479 et
1493 4406 1684 4481 voluntate
1709 4430 1834 4481 eorum
1857 4406 1987 4482 iniuste
2006 4412 2147 4485 auferre

687 4547 747 4622 vel
776 4546 939 4619 detinere
968 4541 1150 4639 presumat
1175 4542 1343 4617 Teitibus
1368 4543 1524 4618 Matheo
1548 4543 1816 4620 Archidiacono
1841 4544 1968 4620 Adam
1997 4548 2043 4621 de
2066 4549 2145 4622 Roc

687 4684 850 4759 Roberto
870 4683 1043 4755 canonico
1056 4678 1179 4753 Sentii
1191 4681 1341 4755 Andree
1359 4678 1534 4779 Magistro
1547 4684 1717 4757 herberto
1731 4683 1942 4759 Alexandro
1959 4685 2145 4781 capellano

690 4820 883 4919 Radulpho
902 4820 947 4893 de
964 4814 1132 4893 boiliston
1150 4816 1326 4916 Magistro
1343 4819 1531 4894 Abraham
1547 4832 1624 4894 ”ten
