4917 6509
681 854 726 927 70
1193 846 1350 939 urana
1376 844 1625 918 accensus

682 1182 791 1254 Carta
808 1184 973 1280 Gregorii
992 1186 1092 1279 Pape
1109 1186 1195 1255 noni
1214 1184 1259 1257 de
1276 1185 1514 1277 procaciore.

587 1426 664 1530 104J
683 1434 894 1554 Gregorius
917 1457 1113 1553 Episcopus
1138 1457 1260 1530 servus
1284 1457 1469 1530 servorum
1496 1459 1555 1530 dei
1582 1456 1722 1529 dilettis
1747 1456 1831 1528 siliis
1856 1454 1928 1527 suis
1952 1456 2076 1528 abbati
2103 1464 2142 1527 et

680 1600 874 1669 conventui
906 1598 950 1668 de
983 1596 1102 1669 Scona
1128 1597 1263 1666 ordinis
1289 1594 1412 1668 sanai
1439 1590 1636 1691 Augustini
1663 1594 1958 1667 sanciendae
1984 1589 2142 1689 dyocesis

681 1734 833 1807 salutem
864 1744 903 1805 et
936 1731 1168 1827 apostolicam
1202 1734 1492 1805 benedittionem
1527 1731 1760 1805 Sacrosantta
1793 1731 1958 1805 Romana
1990 1728 2141 1804 ecclesia

680 1874 829 1942 devotos
853 1881 892 1943 et
914 1872 1069 1943 humiles
1085 1870 1178 1942 filios
1204 1894 1251 1943 ex
1276 1868 1412 1944 assuete
1436 1872 1584 1965 pietatis
1610 1870 1727 1941 officio
1753 1865 1961 1964 propensius
1991 1869 2141 1965 diligere

580 2070 584 2073 .
679 2007 863 2081 consuevit
881 2018 919 2080 et
937 2034 983 2080 ne
999 2030 1192 2103 pravorum
1209 1987 1398 2080 hominum
1415 2004 1588 2081 molestiis
1607 2009 1794 2102 agitentur
1810 2030 1872 2078 eos
1888 2016 2063 2101 tanquam
2080 2009 2142 2100 pia

677 2156 795 2219 mater
811 2146 872 2218 sue
895 2146 1126 2239 protectionis
1152 2148 1354 2218 munimine
1370 2146 1562 2218 confovere
1613 2144 1670 2217 Ea
1693 2152 1842 2238 propter
1867 2144 1987 2217 diletti
2015 2147 2053 2217 in
2078 2148 2141 2217 do-

679 2287 777 2356 mino
800 2286 862 2379 filij
882 2281 1006 2358 vestris
1033 2282 1135 2356 iustis
1157 2282 1459 2378 postulationibus
1481 2292 1585 2378 grato
1611 2291 1867 2354 concurrentes
1895 2278 2032 2354 assensu
2062 2308 2142 2378 per·

677 2422 779 2496 sonas
797 2420 929 2495 vestras
946 2430 985 2494 et
1002 2422 1123 2494 locum
1141 2425 1268 2515 inquo
1286 2423 1408 2493 divino
1426 2417 1509 2492 estis
1526 2418 1694 2513 obsequio
1712 2420 1907 2513 mancipati
1925 2443 2009 2491 cum
2026 2423 2143 2492 omni·

679 2562 746 2632 bus
763 2563 866 2634 bonis
879 2585 949 2653 que
962 2530 1262 2654 inpresentiarum
1280 2559 1544 2632 rationabiliter
1559 2553 1712 2651 possidet
1725 2566 1790 2630 aut
1807 2559 1845 2627 in
1858 2558 2023 2630 futurum
2034 2558 2142 2652 justis

678 2701 794 2771 modis
811 2696 992 2793 prestante
1010 2700 1130 2770 divino
1149 2700 1297 2769 domino
1315 2700 1450 2791 poterit
1467 2693 1614 2790 adipisci
1640 2694 1704 2767 sub
1730 2678 1828 2768 beati
1853 2698 1948 2789 petri
1964 2721 2008 2769 ao
2024 2695 2144 2771 nostra

678 2840 902 2931 protestione
919 2836 1129 2931 suscipimus
1147 2835 1350 2930 specialiter
1375 2846 1499 2908 autem
1518 2836 1563 2906 de
1580 2857 1712 2929 magna
1728 2834 1829 2905 blara
1852 2842 1892 2904 et
1917 2857 2027 2928 parva
2043 2836 2144 2908 blara

680 2976 783 3047 villas
801 2998 884 3047 cum
901 2976 1131 3069 pertinentiis
1145 2975 1342 3046 earundem
1360 2968 1586 3067 polleffiones
1603 2996 1646 3045 ac
1663 2971 1733 3044 alia
1749 2973 1846 3045 bona
1858 2970 1975 3045 vestra
1991 2971 2083 3046 srout
2100 2999 2143 3047 aa

680 3117 802 3187 omnia
820 3110 918 3208 juste
948 3137 990 3186 ac
1019 3112 1168 3206 pacifice
1197 3108 1381 3207 pollidetis
1405 3112 1506 3184 robis
1534 3122 1573 3183 et
1599 3135 1664 3205 per
1691 3135 1754 3183 vos
1783 3108 1998 3185 monasterio
2025 3109 2142 3184 vestro

681 3254 894 3324 auctoritate
920 3246 1112 3345 apostolica
1136 3250 1390 3322 confirmamus
1418 3258 1458 3320 et
1485 3246 1660 3343 presentis
1683 3247 1804 3342 scripti
1832 3251 2030 3342 patrocinio
2047 3274 2143 3321 com-

681 3390 864 3459 munimus
926 3387 1032 3458 Nulli
1062 3410 1147 3482 ergo
1177 3389 1326 3457 omnino
1353 3388 1542 3458 hominum
1570 3386 1678 3457 liceat
1708 3386 1800 3458 hanc
1828 3390 1995 3483 paginam
2024 3387 2143 3460 nostre

681 3526 913 3618 protectionis
937 3533 975 3595 et
996 3524 1278 3595 confirmationis
1295 3524 1491 3617 infringere
1508 3523 1565 3593 vel
1593 3525 1627 3593 ei
1653 3521 1739 3594 ausu
1756 3526 1947 3595 temerario
1965 3528 2143 3598 contraire

684 3661 723 3733 Si
741 3661 821 3753 quis
838 3669 961 3731 autem
979 3660 1047 3731 hoc
1065 3667 1286 3752 attemptare
1302 3657 1555 3753 presumpserit
1579 3660 1866 3754 indignationem
1884 3664 2143 3755 omnipotentis

682 3798 739 3868 dei
766 3806 804 3868 et
830 3798 1018 3868 beatorum
1045 3798 1138 3890 petri
1157 3806 1195 3869 et
1212 3797 1310 3891 pauli
1337 3793 1579 3890 apostolorum
1601 3797 1678 3889 ejus
1696 3796 1732 3868 se
1749 3802 1891 3871 noverit
1917 3799 2142 3871 incurlirrum

630 3930 634 3938 ’
684 3935 821 4007 Datum
841 3934 1000 4030 Viterbij
1019 3957 1057 4004 vo
1074 3933 1162 4006 Idus
1179 3934 1204 4005 J
1206 3937 1343 4030 anuarij
1363 3936 1595 4029 pontificatus
1612 3931 1722 4005 nostri
1739 3958 1834 4007 anno
1851 3961 1957 4008 nono.

684 4210 794 4282 Carta
810 4210 1017 4283 Innocentii
1037 4210 1135 4304 Pape
1153 4214 1273 4303 quarti
1292 4252 1299 4269 ·
1319 4213 1421 4282 nain
1439 4213 1538 4283 curia
1555 4208 1705 4283 seculari
1722 4208 1960 4305 respondeant
1978 4252 1986 4268 ·

591 4444 667 4557 105J
688 4460 933 4559 Innocentius
951 4484 1014 4581 eps
1031 4486 1154 4557 seruus
1170 4485 1301 4573 semea
1319 4487 1377 4557 dei
1396 4484 1571 4557 ·Dilettis
1588 4485 1672 4556 siliis
1691 4527 1698 4543 ·
1717 4485 1856 4558 Abbati
1875 4499 1913 4559 et
1931 4490 2080 4581 ··priori
2098 4490 2141 4562 de

685 4622 807 4695 Insula
819 4620 945 4710 missen
960 4622 1181 4695 dumblaneir
1195 4625 1299 4695 diot-
1319 4622 1400 4695 sat
1414 4632 1452 4695 et
1470 4623 1625 4719 aplicam
1639 4622 1711 4695 bed
1730 4664 1737 4680 ·
1753 4623 1969 4697 Deuotionis
1986 4626 2143 4713 dilettmp

683 4764 786 4850 silica
813 4801 821 4818 ·
852 4761 969 4833 Arbis
996 4772 1021 4830 t
1050 4770 1252 4833 conuentus
1282 4762 1328 4832 de
1356 4760 1477 4833 Scona
1506 4761 1640 4830 ordinis
1667 4759 1776 4832 sanai
1808 4760 2003 4857 Augustini
2033 4762 2143 4837 sanai

684 4900 834 4971 Andree
851 4901 933 4971 diod
951 4872 1142 4991 (predbor
1159 4899 1357 4993 benignum
1376 4900 1626 4992 impertientes
1644 4895 1843 4970 assensum·
1862 4902 1914 4972 eis
1931 4902 2145 4974 audoritate

684 5006 800 5124 lissei
828 5034 975 5123 nostran
1004 5037 1174 5109 duximus
1201 5074 1208 5091 ·
1234 5034 1497 5131 indulgendum
1517 5077 1524 5093 ·
1544 5044 1585 5106 ut
1613 5034 1718 5129 super
1746 5038 1850 5107 terris
1879 5049 1904 5107 t
1932 5038 2011 5110 aliis
2040 5040 2144 5111 bonis
