4917 6509
332 834 418 889 nnn.
433 833 534 889 nnnx
549 835 590 887 11.
745 811 783 886 S.
809 808 1107 886 TRINITATIS
1133 810 1203 885 DE
1229 808 1376 885 SCON.
1742 812 1785 883 61

233 1002 238 1009 ’
332 1010 616 1110 concitionem
641 1033 761 1085 mecm
786 1007 947 1107 oppofito
969 1010 1054 1086 sunt
1079 1012 1150 1083 hcc
1171 1006 1287 1106 sigilla
1335 1008 1486 1083 Scilicet
1509 1008 1536 1082 fi
1563 1012 1571 1028 '
1602 1030 1665 1082 um
1691 1031 1789 1083 oom-
1821 1033 1826 1041 ’

329 1172 445 1225 muno
460 1147 691 1248 burgensium
708 1150 754 1222 do
771 1146 884 1223 Perth
901 1158 941 1221 et
956 1144 1114 1245 figillnm
1131 1146 1268 1221 domini
1284 1147 1367 1222 Elio
1385 1150 1512 1223 doconi
1536 1149 1584 1221 do
1609 1148 1725 1221 Perth
1749 1156 1788 1221 ct

329 1286 479 1363 istorum
503 1289 663 1362 militnm
687 1284 824 1361 scilicet
849 1286 985 1359 domini
1013 1284 1194 1359 Willolmi
1220 1286 1267 1359 de
1290 1288 1540 1371 itinnthfichot
1564 1288 1789 1361 vicecomitis

333 1429 378 1502 do
409 1427 521 1501 Perth
551 1427 688 1500 domini
715 1422 875 1499 Woitori
905 1424 950 1497 do
978 1420 1150 1497 Rothvon
1176 1424 1314 1496 domini
1343 1422 1525 1498 Willeimi
1555 1427 1602 1497 de
1630 1424 1719 1497 Binr
1748 1434 1788 1497 et

333 1566 470 1638 domini
488 1562 669 1637 Willolmi
694 1559 854 1636 Oliinnth
903 1560 987 1634 Hiio
1012 1559 1163 1635 testibus
1187 1560 1358 1635 Johonno
1382 1560 1512 1665 Cokyn
1537 1559 1717 1657 prepofito
1742 1563 1789 1635 do

333 1702 445 1777 Perth
477 1702 661 1787 michaelo
687 1700 763 1773 filio
793 1696 953 1775 Sotionis
981 1699 1151 1774 Johnnnc
1185 1702 1232 1775 do
1264 1703 1370 1776 Bello
1401 1700 1544 1777 Jocnne
1579 1704 1654 1777 filio
1689 1703 1790 1778 Leno
1938 1760 1942 1765 .

333 1840 495 1915 Honrico
521 1842 568 1914 de
592 1839 692 1914 Birio
715 1838 876 1912 Honrico
902 1839 948 1911 do
972 1836 1172 1912 Bedoiorth
1199 1836 1390 1913 Willolmo
1416 1842 1462 1914 de
1487 1841 1625 1938 Gmgin
1650 1840 1791 1915 'rhomo

331 1977 516 2051 Thirithec
534 1977 735 2051 Innronoio
761 1975 836 2049 filio
857 1976 975 2072 Wyth
995 1976 1119 2071 judico
1146 1975 1191 2049 dc
1217 1975 1330 2050 Perth
1356 1974 1537 2053 Nicholoo
1555 1982 1602 2053 do
1618 1978 1789 2053 Scnrtho·

332 2116 424 2213 burg
440 2114 600 2199 michalo
617 2116 663 2188 do
680 2112 800 2189 scona
816 2112 972 2187 Ricardo
989 2112 1064 2185 filio
1081 2112 1199 2186 Mnud
1217 2123 1257 2188 et
1272 2117 1399 2189 multis
1416 2116 1505 2189 aliis.

333 2390 466 2475 Quieto
482 2388 651 2463 clamatio
669 2384 853 2483 cujusdam
870 2397 967 2462 torre
983 2411 1048 2483 pro
1065 2386 1187 2461 liberis
1202 2388 1228 2462 J
1229 2388 1382 2464 ohannis
1400 2390 1552 2465 Furbur.

262 2672 308 2745 oo
340 2641 533 2741 Omnibus
545 2658 677 2737 ononi
693 2658 861 2736 noenius
878 2662 944 2737 has
960 2663 1084 2737 ntem
1097 2660 1222 2737 visuris
1236 2663 1295 2737 vel
1309 2665 1484 2739 auctum
1500 2660 1660 2744 nano
1674 2689 1789 2761 quon-

332 2806 414 2881 datn
427 2827 520 2876 uxor
528 2802 554 2875 J
555 2802 706 2875 ohannis
716 2798 860 2874 Fnrbur
869 2809 909 2874 ot
921 2820 1047 2875 omnes
1058 2802 1187 2875 fintres
1197 2811 1237 2875 et
1246 2813 1415 2896 powntcs
1425 2813 1501 2877 tam
1516 2805 1602 2877 dicti
1612 2804 1789 2878 Johnnnis

331 2964 439 3038 quom
451 2941 623 3015 mulieres
639 2946 771 3013 otiota
783 2959 939 3011 comunt
955 2938 1003 3010 do
1020 2936 1133 3012 Perth
1176 2938 1342 3013 Salutem
1359 2940 1399 3011 in
1413 2941 1559 3012 domino
1599 2934 1789 3014 Noueritis

329 3104 396 3153 noo
413 3080 459 3153 dc
476 3078 621 3151 comuni
638 3072 784 3151 oonsilio
800 3084 992 3170 parentum
1010 3084 1050 3149 ot
1066 3077 1264 3148 amicorum
1286 3072 1487 3149 nostrorum
1503 3073 1734 3173 burgoniinm
1750 3087 1791 3150 et

329 3218 444 3292 totius
461 3236 617 3290 comune
633 3213 679 3286 do
696 3212 809 3289 Perth
827 3214 992 3307 quietum
1017 3210 1183 3287 clomnffo
1208 3235 1273 3308 pro
1297 3213 1421 3287 liborio
1445 3212 1623 3288 Johnnnin
1649 3214 1790 3289 Fnrbur

330 3356 377 3429 do
395 3352 507 3428 Porth
524 3350 648 3425 obbnti
663 3359 706 3424 ot
722 3340 965 3423 onnoniois'do
980 3344 1099 3423 Soono
1113 3358 1235 3423 totum
1245 3351 1309 3444 juo
1325 3352 1422 3444 quod
1434 3347 1499 3446 ipsi
1517 3352 1620 3425 libori
1637 3352 1790 3427 hobnor·

330 3502 400 3565 unt
424 3491 482 3565 vel
506 3490 640 3564 hoboro
662 3496 861 3583 potuerunt
886 3486 925 3559 in
950 3496 1048 3559 terro
1072 3486 1172 3559 unda
1196 3496 1237 3561 ot
1260 3488 1430 3561 incendio
1447 3484 1585 3564 vnstotn
1599 3513 1709 3584 quom
1724 3490 1790 3565 sci·

331 3630 418 3704 licet
434 3628 621 3701 Johonnoo
638 3624 781 3697 Furbur
793 3633 898 3719 potor
914 3624 1155 3718 predictorum
1181 3624 1376 3699 liberorum
1402 3592 1543 3701 enierot
1559 3628 1604 3701 do
1621 3626 1796 3703 Gilberto·

330 3766 405 3839 tilio
423 3762 550 3839 Vdard
571 3763 617 3835 de
635 3760 761 3841 norror
785 3770 825 3836 et
840 3782 955 3834 uxore
979 3757 1043 3835 suo
1067 3756 1249 3835 Christinc
1272 3784 1337 3857 pro
1362 3763 1479 3837 tribus
1503 3766 1632 3839 morcio
1648 3770 1788 3863 argenti

331 3928 421 4000 quas
444 3902 594 3998 predicti
620 3894 731 3973 obbas
756 3907 796 3971 et
820 3898 983 3971 cononici
1007 3896 1112 3971 nobis
1137 3899 1182 3972 nd
1208 3920 1301 3993 opus
1324 3901 1568 3994 predictorum
1594 3902 1789 3977 iiboromm

333 4042 511 4117 dederunt
527 4060 599 4133 qno
615 4048 713 4110 terro
728 4035 899 4109 videlicet
910 4036 1115 4130 adjudicato
1126 4036 1198 4109 fuit
1213 4030 1297 4130 ipos
1309 4039 1491 4111 cononicis
1503 4040 1542 4111 in
1555 4038 1665 4134 pleno
1680 4040 1790 4115 (imin

331 4180 380 4253 ob
408 4178 588 4253 defetium
615 4172 802 4247 solutionis
829 4173 937 4245 unius
966 4192 1086 4245 marce
1112 4194 1221 4267 quom
1246 4170 1312 4268 ipo
1339 4176 1503 4248 cononici
1529 4179 1717 4251 annuatim
1744 4180 1790 4253 de

332 4318 492 4413 predica
523 4324 623 4387 torro
654 4319 895 4407 percepomnt
928 4306 980 4383 Et
1008 4319 1106 4382 retro
1138 4310 1210 4383 fnit
1244 4333 1310 4405 por
1337 4334 1452 4387 nnnoo
1483 4312 1605 4409 plnres
1633 4326 1674 4389 ot
1702 4315 1790 4392 licet

330 4466 466 4529 terram
492 4450 592 4525 illam
618 4444 752 4523 eisdem
776 4446 1019 4543 adjudicatam
1044 4446 1092 4520 do
1114 4447 1199 4541 juro
1223 4451 1369 4523 comuni
1394 4446 1570 4544 poffidoro
1594 4454 1789 4548 potuiss‘ent

332 4602 457 4666 tomen
481 4599 525 4663 ut
546 4609 627 4662 eom
654 4585 762 4683 pleno
786 4584 870 4680 juro
897 4593 937 4657 ot
958 4582 1108 4679 pacifico
1129 4586 1407 4681 inperpetuum
1430 4586 1662 4683 prosediffent
1684 4591 1791 4687 supro
1826 4627 1829 4635 ¹

330 4736 569 4803 memoratam
586 4724 778 4821 poouninm
798 4720 922 4797 liberis
936 4718 1146 4817 snpnditiis
1171 4746 1218 4795 ox
1235 4722 1459 4800 habundanti
1486 4729 1665 4803 dederunt
1706 4729 1789 4803 Hoc

331 4862 386 4941 ost
400 4866 513 4961 igitur
537 4862 601 4937 illo
617 4872 715 4935 torro
739 4882 810 4954 quo
828 4859 929 4953 jieet
945 4859 1042 4931 inter
1058 4867 1192 4933 terram
1218 4857 1406 4936 Amabillo
1430 4874 1470 4937 ot
1498 4875 1631 4939 terram
1650 4867 1789 4941 nrnnldi

333 5002 484 5077 niterins
508 5000 677 5096 qnoniam
704 4998 801 5071 frons
826 4992 985 5090 ejusdem
1003 5004 1101 5070 terre
1118 5019 1165 5070 ex
1183 4996 1292 5093 longo
1312 4995 1521 5092 poiioffiono
1540 4998 1697 5098 ipsorum
1719 5006 1790 5081 init
