4917 6509
635 782 680 858 io
1050 727 1057 744 ’
1146 771 1305 845 urana
1330 769 1579 843 noctuam
1904 788 1982 841 ιιι.
2000 788 2091 839 ιιιι.

635 980 722 1051 tatis
739 972 900 1049 incursus
925 986 989 1047 aut
1015 996 1076 1045 eos
1101 998 1123 1045 a
1148 966 1329 1066 proposito
1354 979 1501 1043 revocet
1525 977 1591 1041 aut
1615 968 1742 1040 Robur
1764 968 1862 1061 quod
1886 963 1979 1039 absit
1996 964 2094 1039 sacre

635 1113 818 1207 religionis
845 1112 1018 1205 infringat
1068 1108 1124 1182 Ea
1152 1118 1300 1203 propter
1334 1107 1457 1179 dileat
1489 1108 1527 1177 in
1562 1106 1708 1178 domino
1737 1104 1803 1176 lilii
1837 1103 1963 1177 restris
1990 1100 2095 1201 justis

636 1248 937 1345 postulationibus
963 1248 1163 1319 clementer
1187 1247 1379 1318 annuimus
1405 1252 1444 1315 et
1469 1238 1656 1315 ecclesiam
1681 1243 1807 1315 Sandri
1833 1241 2027 1316 Michaelis
2052 1245 2097 1315 de

638 1385 757 1458 Scona
775 1384 898 1458 sanai
925 1386 1075 1456 Andree
1101 1381 1259 1478 dyocesis
1284 1386 1322 1454 iii
1349 1404 1420 1475 quo
1450 1380 1572 1451 divino
1597 1382 1795 1475 mancipati
1819 1380 1905 1453 estis
1929 1380 2099 1475 obsequio

638 1521 703 1595 sub
734 1525 830 1595 beati
861 1521 961 1593 Petri
996 1532 1033 1611 et
1067 1518 1187 1593 nostia
1219 1520 1444 1614 proiectione
1471 1516 1681 1613 suscipimus
1707 1527 1746 1590 et
1775 1517 1949 1612 presentis
1978 1518 2099 1614 scripti

638 1661 825 1755 privilegio
851 1660 1116 1730 communimus
1168 1657 1212 1728 ln
1239 1658 1364 1751 primis
1390 1652 1565 1749 siquidem
1589 1652 1789 1729 statuentes
1811 1665 1855 1729 ut
1879 1658 1966 1729 ordo
1991 1681 2098 1729 cauo·

639 1802 742 1871 nicus
760 1798 820 1889 qui
839 1793 1035 1867 secuudum
1053 1796 1162 1867 deum
1179 1804 1218 1867 et
1235 1795 1334 1867 beati
1358 1790 1538 1889 augustini
1564 1793 1727 1890 regulam
1750 1795 1789 1865 iii
1805 1794 1934 1867 cadem
1950 1791 2100 1867 ecclesia

639 1931 828 2007 institutus
854 1929 923 2005 else
950 1929 1147 2005 dinoscitur
1162 1934 1347 2027 perpetuis
1363 1932 1499 2003 ibidem
1523 1931 1748 2025 temporibus
1765 1932 2022 2004 inviolabiliter
2038 1934 2100 2005 ob-

639 2069 802 2143 servetur
836 2070 1007 2143 Preterea
1040 2067 1282 2163 quascumque
1315 2063 1541 2163 possessiones
1575 2091 1801 2162 quecumque
1842 2070 1938 2141 bona
1974 2070 2099 2143 eadem

641 2205 790 2283 ecclesia
807 2206 1106 2301 inpresentiarum
1126 2206 1224 2301 juste
1250 2218 1288 2280 et
1313 2207 1486 2280 canonice
1511 2201 1664 2301 possidet
1689 2209 1807 2279 autin
1830 2208 1994 2279 futurum
2016 2232 2100 2280 con·

641 2337 795 2419 ceffione
812 2346 1024 2439 pontificum
1046 2345 1238 2439 largitione
1264 2344 1407 2439 Regum
1426 2343 1484 2414 vel
1509 2344 1712 2438 principum
1738 2344 1923 2417 oblatione
1938 2345 2098 2417 fidelium

641 2483 703 2557 seu
732 2483 813 2555 aliis
840 2480 947 2575 justis
976 2482 1093 2553 modis
1122 2478 1305 2575 prestante
1335 2482 1481 2553 domino
1515 2482 1651 2575 poterit
1684 2478 1830 2575 adipisci
1864 2482 1968 2555 firma
1999 2484 2101 2555 vobis

643 2617 836 2712 vestrisque
854 2614 1106 2690 suecessoribus
1132 2628 1170 2690 et
1195 2619 1337 2691 illibata
1359 2630 1596 2713 permaneant
1646 2618 1693 2691 In
1719 2620 1850 2712 quibus
1865 2619 1934 2692 bec
1950 2622 2100 2715 propriis

642 2759 812 2831 duximus
843 2756 1078 2851 exprimenda
1107 2756 1291 2828 vocabulis
1320 2756 1440 2827 locum
1474 2752 1590 2849 ipsum
1618 2758 1656 2827 in
1686 2779 1757 2849 quo
1783 2758 1924 2851 prefata
1952 2755 2100 2831 ecclesia

643 2892 710 2968 sita
726 2891 779 2967 est
793 2918 876 2967 cuni
894 2893 1061 2964 omnibus
1079 2894 1307 2986 pertinentiis
1324 2890 1395 2964 suis
1413 2916 1496 2964 cum
1513 2895 1626 2986 pratis
1640 2894 1754 2967 vineis
1770 2898 1877 2967 terris
1893 2897 2101 2969 nemoribus

643 3030 798 3126 usuagiis
815 3040 853 3101 et
870 3026 1008 3124 pascuis
1033 3031 1071 3100 in
1097 3026 1203 3101 bosco
1229 3039 1267 3101 et
1293 3029 1400 3125 plano
1426 3032 1465 3101 iu
1490 3032 1592 3124 aquis
1617 3040 1656 3103 et
1680 3032 1897 3105 molendinis
1921 3036 1961 3105 iii
1977 3036 2045 3105 viis
2061 3044 2101 3106 et

644 3168 779 3242 semitis
797 3178 835 3239 et
853 3168 1020 3239 omnibus
1042 3167 1121 3239 aliis
1140 3167 1368 3240 libertatibus
1386 3176 1425 3239 et
1443 3169 1732 3241 immunitatibus
1750 3166 1821 3241 suis
1870 3168 1968 3243 Sane
1989 3194 2100 3243 noua·

644 3307 735 3379 lium
752 3302 950 3377 vestrorum
977 3328 1047 3397 que
1073 3306 1224 3399 propriis
1249 3305 1417 3377 manibus
1442 3313 1506 3375 aut
1532 3302 1733 3398 sumptibus
1758 3306 1877 3377 colitis
1899 3272 1946 3379 de
1970 3309 2101 3400 quibus

644 3444 772 3535 aliquis
788 3443 963 3514 hactenus
980 3464 1054 3511 non
1079 3443 1242 3535 percepit
1260 3437 1334 3515 five
1358 3443 1405 3513 de
1423 3439 1621 3513 vestrorum
1639 3443 1848 3515 animalium
1869 3448 2102 3517 nutrimentis

645 3579 766 3651 nullus
783 3603 805 3651 a
822 3579 923 3649 iobis
941 3578 1098 3651 decimas
1116 3579 1262 3673 exigere
1274 3580 1333 3651 vel
1351 3587 1567 3672 extorquere
1583 3578 1765 3673 presumat
1816 3579 1943 3654 Liceat
1959 3606 2103 3675 quoque

646 3718 746 3789 iobis
772 3714 920 3787 clericos
938 3716 996 3787 vel
1022 3715 1130 3787 laicos
1156 3716 1289 3787 liberos
1314 3725 1352 3789 et
1378 3713 1559 3789 absolutos
1580 3741 1602 3789 e
1619 3714 1739 3789 seculo
1756 3719 1939 3813 fugientes
1955 3722 2002 3793 ad
2018 3744 2102 3793 con-

646 3851 844 3926 versionem
862 3855 1021 3947 recipere
1039 3862 1077 3924 et
1103 3876 1166 3926 eos
1183 3852 1316 3947 absquo
1333 3855 1617 3927 contradictione
1634 3854 1754 3948 aliqua
1770 3859 1927 3930 retinere
1978 3858 2104 3931 Prohi-

645 3994 774 4065 bemus
790 3986 934 4084 insuper
951 4000 992 4060 ut
1018 3989 1109 4060 nulli
1128 3990 1280 4062 fratrum
1298 3987 1495 4062 vestrorum
1520 3990 1599 4085 post
1616 3993 1747 4065 faciam
1765 3994 1804 4065 iu
1820 3993 1971 4067 ecclesia
1988 3994 2103 4069 vestra

649 4124 901 4223 professionem
932 4128 985 4198 fas
1015 4122 1061 4197 sit
1093 4122 1167 4199 fine
1202 4127 1359 4200 Abbatis
1393 4123 1445 4198 sui
1480 4127 1628 4200 licentia
1654 4126 1720 4201 nisi
1750 4093 1896 4203 arcioiis
1922 4133 2105 4229 religionis

648 4265 801 4337 obtentu
821 4265 865 4335 de
883 4265 1010 4335 eodem
1028 4264 1108 4373 loco
1134 4262 1318 4336 discedere
1370 4260 1626 4335 Discedentem
1652 4288 1737 4337 vero
1762 4264 1896 4360 absque
1921 4274 2104 4343 communi
2202 4292 2210 4309 ·

647 4401 849 4473 litterarum
885 4395 1080 4471 vestiarum
1114 4403 1282 4472 cautione
1316 4402 1437 4473 nullus
1470 4401 1603 4473 audeat
1636 4406 1793 4475 retinere
1853 4403 1947 4477 Cum
1981 4419 2104 4480 autem

646 4535 815 4634 generale
832 4537 1064 4607 interdictum
1082 4548 1178 4609 terre
1196 4539 1305 4609 fuerit
1330 4539 1439 4610 liceat
1456 4539 1557 4610 iobis
1582 4535 1710 4611 clausis
1726 4538 1855 4613 Januis
1871 4539 2025 4615 exclusis
2043 4568 2105 4616 ex·

647 4674 921 4748 communicatis
939 4684 977 4745 et
994 4676 1194 4747 interdictis
1212 4700 1286 4747 noii
1303 4673 1452 4769 pulsatis
1465 4677 1647 4769 campanis
1661 4678 1856 4753 dummodo
1873 4677 2015 4752 causam
2033 4705 2105 4754 non
2209 4722 2213 4728 ·

648 4813 819 4885 dederitis
836 4812 1028 4883 interdicto
1045 4808 1224 4905 suppressa
1241 4835 1329 4885 voce
1347 4814 1468 4886 divina
1491 4812 1609 4885 officia
1625 4814 1806 4887 celebrare
1866 4815 2005 4890 Crisma
2021 4842 2105 4892 vero

649 4950 769 5023 oleum
800 4944 961 5021 faustum
996 4946 1281 5023 consecrationes
1314 4951 1482 5024 altarium
1510 4947 1572 5022 seu
1605 4947 1831 5025 basilicarum
1865 4954 2108 5031 ordinationes
