4917 6509
668 820 741 888 904
1178 810 1334 885 LIBER
1359 808 1606 883 Eccnnslu
1943 832 2019 883 sno.
2033 832 2114 883 xvi.

669 1014 800 1087 Pertht
822 1015 934 1086 libero
955 1023 1078 1085 tamen
1105 1018 1290 1083 tenemeto
1314 1007 1430 1083 eorird
1453 1012 1527 1082 trir'r
1552 1015 1817 1082 tenemetorum
1841 1033 1926 1082 cum
1950 1013 2116 1103 ptineoiis

669 1152 762 1223 dieto
796 1150 881 1223 Diro
910 1150 1069 1223 Johanni
1099 1174 1162 1243 pro
1196 1157 1276 1221 toto
1309 1158 1472 1243 tempore
1497 1150 1572 1219 vite
1602 1145 1665 1219 suo
1697 1142 1795 1219 saluo
1824 1156 1864 1221 et
1892 1145 2042 1222 relluato
2071 1148 2117 1219 ln

668 1291 826 1361 favorem
851 1287 1009 1384 spialenr
1037 1286 1132 1383 ipius
1157 1285 1220 1359 diri
1246 1286 1394 1359 Androe
1419 1286 1580 1378 quhittat
1604 1286 1650 1357 ad
1676 1283 1862 1358 redonand
1877 1286 1986 1358 feodir
2002 1284 2117 1359 eorec

668 1430 742 1498 triu
759 1433 985 1499 tenemetorr'r
1004 1428 1099 1499 dicto
1116 1424 1188 1499 diio
1206 1425 1355 1497 Andron
1372 1424 1443 1496 Pro
1460 1448 1504 1496 eo
1520 1424 1678 1495 maximo
1694 1447 1721 1519 q
1737 1421 1784 1494 lc
1800 1422 1868 1495 diro
1885 1424 2052 1497 Andreas
2069 1450 2115 1497 ex

668 1563 730 1639 sua
745 1562 987 1661 rofignacione
1004 1562 1078 1637 oud
1096 1563 1194 1635 Diim
1205 1563 1373 1635 Johonne
1383 1564 1421 1634 in
1434 1559 1509 1633 eiiii
1525 1563 1641 1634 tribus
1657 1563 1850 1634 tenemetis
1866 1533 1936 1634 pre
1947 1572 1987 1633 vt
2000 1563 2118 1657 capel·

669 1704 754 1775 lanii
783 1705 866 1774 vni?
890 1703 1088 1797 capellanie
1114 1709 1185 1795 qua
1218 1703 1256 1772 in
1281 1695 1497 1773 monasterio
1527 1701 1573 1771 de
1606 1698 1726 1772 Sconu
1751 1699 1903 1771 fundare
1935 1700 2118 1795 proposuit

670 1842 869 1913 infeodauit
883 1838 1022 1936 Eandffi
1028 1839 1234 1934 capellanii
1245 1844 1318 1909 niro
1329 1839 1368 1907 in
1382 1835 1471 1908 ulios
1484 1834 1563 1909 rsus
1578 1832 1797 1909 eccliasticos
1809 1846 1951 1909 mutare
1964 1848 2003 1909 et
2015 1838 2117 1909 meli·

671 2002 750 2049 oreo
767 1989 807 2050 vt
833 1974 949 2051 affluit
967 1973 1167 2049 desiderans
1184 2000 1249 2069 pro
1266 1972 1381 2045 salute
1405 1978 1464 2045 aie
1481 1972 1543 2045 sue
1568 1974 1618 2045 Et
1635 1976 1803 2068 precipue
1819 1998 1884 2069 pro
1900 1996 1972 2046 vno
1996 1977 2116 2047 inuali

672 2112 774 2183 obitu
808 2114 846 2184 in
880 2113 973 2184 dicto
1007 2106 1220 2183 monasterio
1246 2113 1291 2183 tle
1316 2110 1435 2184 Souna
1458 2135 1523 2206 pro
1551 2115 1610 2183 aia
1639 2109 1742 2206 Ipius
1772 2109 1846 2183 Dffi
1876 2111 2025 2184 Andree
2054 2138 2118 2207 per

672 2252 826 2342 priorem
857 2258 894 2321 et
929 2255 1098 2321 cocetum
1134 2246 1234 2321 eiulil
1267 2248 1435 2322 celebrari
1473 2249 1599 2322 Eciom
1638 2250 1676 2321 in
1709 2246 1824 2321 eoroc
1857 2250 2017 2323 fauorem
2053 2274 2118 2346 pro

673 2384 889 2459 hereditaria
918 2387 1172 2459 Infeodacione
1198 2386 1295 2461 dicio
1318 2382 1531 2459 monasterio
1556 2384 1667 2478 desup
1691 2385 1763 2458 lieii
1791 2384 1894 2459 ilmiii
1918 2388 1990 2460 tria
2017 2399 2118 2461 tene·

672 2530 770 2596 mita
786 2548 868 2597 cum
894 2527 1097 2619 pertineoiis
1118 2548 1184 2619 per
1206 2522 1336 2596 instem
1361 2534 1400 2596 et
1425 2522 1593 2595 baculum
1618 2547 1707 2618 pure
1732 2531 1771 2594 et
1795 2493 1970 2618 simplicii>
1994 2521 2118 2620 Relig-

671 2666 772 2736 nauit
798 2662 880 2749 Qua
904 2660 1146 2760 resignaciono
1171 2659 1218 2735 fio
1243 2664 1336 2735 fatto
1360 2673 1399 2734 et
1423 2660 1638 2755 perdicium
1665 2661 1803 2734 bulliuir
1828 2662 1950 2733 debite
1973 2674 2118 2758 recepta

672 2810 709 2873 et
739 2798 884 2874 admilla
913 2799 961 2874 Ili
992 2800 1126 2873 balliur
1154 2803 1277 2895 vigore
1305 2798 1357 2871 sui
1391 2798 1495 2892 officij
1526 2795 1659 2871 statum
1688 2794 1815 2871 saisina
1848 2808 1886 2871 et
1914 2796 2119 2894 poffeffionir

673 2940 887 3013 hereditaria
921 2941 1095 3011 ditiorum
1130 2941 1202 3011 triir
1236 2944 1501 3009 tenomEtorum
1535 2959 1616 3008 cum
1651 2938 1817 3029 ptiniciio
1852 2937 2008 3009 Prouido
2042 2942 2118 3010 viro

671 3077 829 3149 Johanni
848 3077 970 3150 Peblis
995 3074 1116 3172 pistori
1142 3074 1281 3171 burger'i
1308 3076 1391 3148 dicti
1417 3075 1519 3169 burgi
1536 3076 1757 3168 procuratori
1783 3074 1995 3149 Indubitate
2012 3089 2050 3148 et
2075 3102 2118 3149 eo

672 3220 756 3286 noie
773 3216 857 3288 dici
881 3212 942 3285 diii
960 3213 1109 3286 Androo
1134 3213 1294 3307 quhittat
1321 3212 1379 3284 De
1404 3213 1484 3283 cui?
1508 3214 1770 3305 procuracionis
1795 3214 1966 3286 mandato
1992 3214 2119 3310 Sigillo

591 3354 617 3429 '.
671 3354 775 3446 pprio
786 3362 824 3423 et
834 3348 1091 3446 subscriptione
1103 3352 1263 3424 manuali
1276 3348 1378 3422 eiustl
1390 3347 1452 3421 diii
1463 3348 1611 3423 Andreo
1624 3350 1782 3447 sigillat*
1795 3362 1834 3424 et
1846 3352 2004 3425 roborat*
2017 3356 2118 3425 nobis

673 3490 820 3585 notarijs
854 3488 1006 3583 publicis
1040 3487 1281 3582 Infrasoriptis
1314 3458 1485 3561 luculen‘t)
1517 3486 1703 3561 constabat
1735 3487 1801 3581 sup
1834 3490 1986 3561 fundum
2016 3490 2116 3562 hfiioi

674 3629 745 3699 triu
776 3632 1002 3699 tenemetorn
1033 3650 1098 3721 per
1126 3596 1189 3697 pre
1218 3636 1257 3698 et
1290 3625 1418 3720 lapidis
1451 3626 1648 3697 tradicione
1677 3627 1714 3697 in
1747 3626 1862 3698 forma
1898 3626 1987 3708 Jur(
2015 3626 2120 3700 solita

672 3766 817 3837 nemine
832 3764 1016 3858 ipodiento
1041 3762 1103 3835 seu
1127 3765 1355 3862 ptradicente
1379 3762 1510 3835 ontulit
1536 3772 1574 3835 et
1600 3763 1814 3835 deliberanit
1838 3762 1910 3849 Qui
1933 3763 2119 3839 Johanner

672 3901 794 3975 Peblis
818 3910 1027 3996 procurator
1051 3924 1093 3973 ac
1119 3902 1197 3972 vioe
1223 3910 1262 3972 et
1286 3905 1372 3973 noio
1395 3900 1525 3995 prefati
1550 3899 1612 3971 diii
1638 3899 1787 3973 Andree
1812 3903 1850 3972 in
1875 3902 1978 3973 dicis
2003 3904 2119 3976 tribua

674 4040 865 4111 tenemirtis
886 4034 935 4111 fic
952 4046 993 4109 vt
1015 4018 1174 4133 βῑιιίιεὶι2
1192 4034 1342 4110 vestitus
1358 4048 1397 4110 et
1412 4032 1550 4109 sailitus
1570 4039 1692 4133 vigore
1712 4041 1873 4111 mandati
1890 4051 1928 4111 et
1945 4041 2118 4119 facultati

673 4174 737 4249 fibi
763 4178 800 4248 in
825 4176 892 4247 hac
918 4184 1020 4269 parte
1037 4170 1169 4247 romili
1195 4172 1275 4247 aad
1291 4177 1362 4248 tria
1386 4182 1570 4248 tenemirto
1592 4200 1672 4249 cum
1701 4180 1799 4248 omni
1825 4175 1914 4250 Jure
1939 4186 1978 4249 ct
2001 4182 2119 4275 ptine-

529 4402 533 4409 ,
673 4316 736 4387 ciis
754 4310 868 4385 eoruc
884 4312 1024 4385 Iterum
1042 4314 1078 4384 in
1096 4312 1237 4384 iniibus
1260 4312 1345 4384 dici
1370 4313 1507 4385 Thome
1532 4312 1685 4408 ansay
1702 4314 1828 4387 balliui
1850 4338 1914 4410 por
1931 4313 2061 4389 fustem
2078 4330 2117 4389 et

673 4451 804 4523 baculu
825 4474 914 4545 pure
932 4459 971 4521 et
987 4420 1163 4544 simplici?
1189 4446 1383 4546 reiignauit
1408 4449 1458 4522 Et
1474 4446 1553 4544 post
1572 4450 1673 4523 hffioi
1690 4449 1933 4547 refignaoione
1957 4450 2005 4525 iic
2022 4455 2118 4525 facti

673 4597 711 4661 et
735 4612 760 4681 p
786 4589 920 4659 dictum
936 4586 1073 4658 bulliuir
1092 4588 1213 4660 debite
1230 4597 1411 4682 receptam
1437 4597 1476 4659 et
1500 4584 1683 4661 admill'am
1707 4587 1753 4660 Io
1769 4588 1903 4661 balliu9
1928 4592 2049 4685 rigore
2065 4590 2116 4661 sui

672 4728 775 4822 offloij
802 4723 896 4799 statii
914 4721 1039 4797 saiiini
1063 4734 1101 4797 et
1126 4720 1330 4819 polloffione
1355 4726 1571 4797 hereditarii
1595 4726 1732 4797 dicore
1756 4729 1828 4798 triir
1854 4733 2115 4800 tenemirtorum

672 4888 754 4938 cum
782 4865 988 4959 pertinc'roiio
1017 4862 1209 4935 venerabili
1246 4873 1286 4934 ot
1317 4859 1480 4958 religioso
1514 4864 1589 4933 viro
1624 4862 1781 4934 Domino
1814 4862 1972 4937 Johanni
2006 4864 2115 4936 Clark

671 5004 777 5097 priori
808 5004 890 5075 dicti
917 4996 1118 5093 monasterij
1150 5001 1195 5071 de
1221 4998 1341 5073 Scono
1364 4970 1564 5093 personuli‘l3
1593 5002 1797 5095 acceptanti
1823 5003 1860 5071 in
1885 5004 1969 5072 noio
1999 5004 2115 5073 tocius
