4917 6509
306 844 393 897 niro.
414 844 500 895 wia.
736 822 773 897 S.
801 822 1100 901 TRINITATIS
1127 823 1196 897 DE
1224 822 1371 897 SCON.
1719 834 1764 897 38

305 1022 350 1095 de
377 1020 539 1095 Sconat
565 1024 713 1119 capellis
730 1026 776 1101 ad
802 1047 882 1097 eam
908 1025 1111 1123 ptinentib3
1129 1065 1138 1082 ·
1156 1047 1244 1119 quas
1270 1024 1317 1097 ab
1334 1025 1371 1096 ὄὶ
1388 994 1507 1097 &nicio
1533 1026 1762 1097 exebiionei

303 1158 522 1257 psuetndine
540 1158 731 1257 episcopali
746 1166 759 1235 l
786 1162 934 1235 uelum?
948 1174 975 1233 n
990 1163 1221 1235 concedimus
1239 1163 1281 1234 ie
1299 1172 1487 1256 exemptas
1504 1202 1513 1219 ·
1530 1157 1670 1254 Testib3
1685 1164 1761 1235 his·

303 1296 417 1373 Anda
434 1296 502 1393 epo
528 1300 574 1371 de
591 1300 703 1373 kateii
721 1299 981 1373 ·Arkenbaldo
1007 1302 1098 1372 abbe
1116 1301 1161 1371 de
1188 1297 1315 1372 Duris·
1335 1271 1468 1372 Wal‘so
1493 1299 1591 1393 piore
1618 1301 1663 1371 de
1689 1300 1760 1373 Sco

303 1433 419 1508 And·
438 1407 570 1509 Walso
595 1435 791 1511 Archidice
817 1440 863 1509 de
885 1436 907 1507 s
908 1438 953 1508 bo
970 1434 1060 1510 And
1086 1437 1263 1510 Gocelino
1280 1404 1475 1511 Archidiab
1494 1438 1539 1509 de
1559 1436 1759 1511 Dunkeld·

305 1571 463 1670 Hugone
488 1573 579 1648 ciico
604 1577 699 1671 regis
725 1615 733 1631 ·
759 1575 915 1648 Ricardo
941 1574 1031 1647 elico
1049 1575 1161 1671 Regis
1180 1617 1188 1633 ·
1206 1574 1418 1647 Alexandro
1444 1574 1759 1675 capello·(1)agro

305 1707 421 1783 Willo
449 1713 494 1785 de
521 1713 725 1809 benigwrth
750 1753 758 1769 ·
784 1712 944 1785 Heniico
975 1696 1121 1806 dnpis⁹o
1145 1753 1153 1768 ·
1180 1712 1339 1809 Hugone
1366 1716 1567 1806 pincerna·
1592 1714 1759 1787 Gamello

303 1846 471 1921 hostiario
487 1890 495 1904 ·

303 2122 537 2198 Confirmatio
550 2125 682 2220 Rogeri
701 2124 855 2219 episcopi
873 2123 995 2197 Saniii
1013 2125 1162 2197 Andree
1179 2126 1382 2197 donationis
1399 2125 1518 2199 Dauid
1538 2128 1583 2199 de
1602 2126 1693 2219 Lyn.

231 2411 275 2472 51
305 2374 496 2471 Omnibus
520 2398 652 2471 sance
669 2401 795 2473 matris
812 2396 959 2473 ecclefie
975 2400 1058 2473 siliis
1077 2400 1240 2497 Rogems
1258 2402 1315 2474 dei
1331 2404 1448 2497 gratia
1464 2396 1611 2473 ecclesie
1628 2401 1759 2474 Sinde

303 2537 449 2609 Andree
466 2536 612 2611 humilis
637 2532 797 2610 minister
847 2536 1011 2611 Salutem
1033 2549 1072 2611 et
1092 2540 1379 2613 benedidionem
1432 2538 1587 2611 Noverit
1613 2542 1755 2610 univer·

303 2672 386 2749 sitas
403 2672 518 2749 vestra
534 2699 600 2749 iios
617 2672 749 2749 dedisse
767 2683 805 2749 et
822 2671 1022 2749 concellilse
1039 2688 1078 2749 et
1095 2678 1162 2750 hcc
1180 2687 1281 2749 carta
1296 2672 1417 2749 nostra
1433 2673 1653 2749 confirmasse
1670 2679 1758 2748 don:

303 2816 460 2887 ationem
477 2814 577 2887 illam
595 2837 703 2907 quoin
717 2813 837 2887 Dauid
856 2816 901 2885 de
920 2812 999 2909 Lyn
1013 2814 1100 2888 feeit
1113 2815 1181 2887 deo
1195 2824 1235 2887 et
1248 2811 1396 2887 ecclesie
1409 2811 1517 2887 saneti
1532 2813 1756 2910 Kentegenii

303 2953 348 3023 de
375 2952 646 3025 Lochwerweth
673 2954 718 3025 de
744 2976 817 3025 una
842 2971 925 3023 acra
950 2960 1045 3023 terre
1064 2962 1101 3023 et
1128 2952 1174 3027 de
1200 2975 1274 3025 una
1297 2953 1474 3045 perticata
1501 2952 1605 3023 iuxta
1627 2976 1757 3043 nquam

302 3100 510 3163 currentem
548 3088 613 3161 sub
646 3090 806 3184 pomerio
841 3084 998 3191 ejusdem
1033 3087 1183 3161 ecclesie
1215 3113 1281 3183 pro
1315 3087 1491 3160 escambio
1525 3086 1623 3157 illius
1661 3098 1756 3158 terre

302 3250 411 3320 quam
428 3226 510 3299 Rex
528 3226 649 3299 Dauid
666 3227 767 3299 dedit
784 3228 1033 3320 prenominato
1050 3222 1197 3299 ecclesie
1213 3249 1279 3320 pro
1292 3222 1447 3320 masagio
1462 3222 1525 3297 suo
1543 3225 1606 3295 ubi
1625 3225 1753 3295 domus

258 3392 278 3413 ··
300 3364 363 3437 sue
390 3360 456 3436 fite
483 3364 631 3437 suerunt
680 3364 840 3437 Teiiend.
871 3368 907 3435 iii
942 3386 1068 3458 puram
1096 3374 1135 3435 ct
1162 3373 1375 3457 perpetuam
1409 3359 1639 3433 elemosinam
1673 3386 1755 3433 curn

301 3504 484 3574 communi
506 3499 649 3596 pastura
674 3510 778 3574 extra
803 3500 950 3575 bladum
968 3509 1006 3573 et
1023 3510 1166 3593 pratum
1184 3502 1237 3573 ita
1262 3500 1374 3572 libere
1391 3510 1430 3571 et
1450 3502 1574 3593 quiete
1596 3498 1756 3592 plenarie

302 3650 340 3712 et
357 3638 551 3713 honorilice
568 3634 659 3712 ficut
672 3639 782 3711 Certa
798 3639 945 3732 predibti
964 3638 1085 3711 Dauid
1103 3639 1149 3710 de
1167 3636 1248 3732 Lyn
1265 3632 1419 3709 testatur
1459 3632 1623 3707 'festibus
1702 3693 1706 3714 ,

300 3917 410 3989 Carta
428 3914 607 3989 Willelmi
626 3915 780 4010 episcopi
798 3912 920 3987 Sancti
938 3914 1064 3986 Andre
1082 3915 1127 3985 de
1145 3914 1223 3985 loco
1243 3914 1288 3984 de
1306 3911 1559 3984 Kiucaracbin.

226 4196 274 4260 52
300 4166 524 4263 Willelmus
549 4184 774 4283 permillione
792 4188 913 4259 divin'a
938 4182 1086 4258 ecclesie
1104 4184 1227 4257 Sanffl
1245 4182 1394 4255 Andree
1419 4178 1580 4252 minister
1605 4180 1751 4252 humilis

237 4289 241 4299 Ι
300 4328 478 4400 Omnibus
502 4328 567 4399 lias
592 4326 715 4399 literas
740 4322 864 4397 visuris
891 4324 949 4396 vel
975 4323 1150 4395 audituris
1174 4318 1328 4393 salutem
1354 4328 1516 4391 eternam
1541 4320 1579 4389 in
1606 4319 1751 4389 domino

300 4465 486 4539 Noveritis
505 4487 571 4536 nos
588 4458 788 4540 concessisse
806 4471 844 4534 et
861 4460 928 4535 hac
945 4458 1101 4555 presenti
1123 4468 1221 4531 carta
1238 4454 1357 4529 nostro
1373 4453 1595 4529 confirmasse
1613 4454 1694 4527 Deo
1710 4466 1749 4527 et

298 4598 446 4678 ecclesie
475 4602 607 4677 Sancte
632 4601 818 4674 Trinitatis
845 4599 890 4671 de
908 4597 1027 4672 Seona
1044 4607 1082 4671 et
1099 4597 1220 4670 abbati
1247 4605 1286 4668 et
1311 4596 1491 4667 canonicis
1517 4595 1652 4665 ibidem
1682 4595 1749 4663 deo

297 4740 534 4815 servientibus
564 4750 601 4813 et
632 4736 814 4813 servituris
844 4738 964 4809 locum
994 4733 1097 4807 illum
1124 4736 1185 4828 qui
1216 4734 1350 4804 dicitur
1375 4731 1618 4803 Kincaracbin
1644 4728 1749 4823 super

296 4884 409 4975 ripam
426 4879 584 4951 ilumiiiis
609 4879 655 4949 de
670 4875 746 4972 Tay
763 4877 824 4969 qui
842 4871 930 4947 situs
955 4868 1008 4945 est
1033 4876 1070 4945 iii
1096 4872 1263 4967 parochia
1278 4868 1341 4943 sua
1357 4872 1402 4941 de
1420 4869 1539 4942 Scoiia
1555 4877 1597 4939 ut
1617 4862 1748 4960 possint

295 5020 429 5091 ibidem
447 5017 629 5125 attrahere
646 5038 689 5088 ea
705 5037 776 5107 que
792 5010 856 5085 sibi
874 5012 1010 5084 suerint
1034 5006 1226 5083 necessaria
1250 5008 1384 5079 ibidem
1410 5005 1585 5099 capellam
1603 5014 1642 5075 et
1659 5004 1746 5075 alias

1006 5155 1029 5205 i:
