4917 6509
701 828 768 899 170
1205 818 1362 889 LIBER
1389 817 1634 891 ucctnslu
1982 839 2058 892 suc.
2077 842 2141 892 xv,

694 1021 841 1091 modum
866 1019 983 1113 gravis
1008 1016 1152 1109 querele
1177 1016 1360 1112 proposuit
1384 1018 1480 1111 quod
1508 1018 1623 1089 dittns
1651 1016 1831 1089 Robertus
1858 1029 1897 1089 et
1923 1020 2068 1111 quidem
2081 1020 2141 1091 alii

694 1157 804 1229 libere
821 1166 989 1227 tenentes
1015 1164 1189 1227 terrarum
1213 1156 1259 1226 de
1280 1154 1376 1227 Rath
1395 1166 1434 1227 et
1451 1155 1497 1227 de
1514 1155 1715 1249 kynfawnis
1731 1152 1903 1227 secundas
1920 1156 2077 1228 decimas
2095 1158 2140 1229 de

693 1296 804 1367 firmis
820 1306 996 1366 terrarum
1013 1294 1250 1387 predictarum
1268 1290 1330 1365 suo
1343 1288 1556 1365 monasterio
1573 1294 1712 1365 debitas
1728 1294 1774 1364 ab
1791 1292 1866 1387 ipso
1878 1302 1918 1365 et
1929 1292 1992 1365 suo
2006 1293 2142 1366 monas·
2212 1391 2217 1401 .

693 1433 784 1504 terio
801 1432 950 1527 alongis
963 1440 1059 1503 retro
1072 1431 1295 1525 temporibus
1307 1431 1543 1503 detinuerunt
1554 1441 1593 1501 et
1606 1430 1773 1502 detinent
1789 1432 1908 1503 minus
1914 1429 2012 1525 juste
2030 1431 2081 1501 Et
2097 1434 2141 1504 ad

693 1572 933 1642 intentionem
947 1569 1030 1641 ditti
1045 1566 1200 1639 Abbatis
1217 1568 1436 1661 probandam
1453 1566 1594 1639 litteras
1611 1566 1801 1640 recolende
1818 1571 1990 1640 memorie
2007 1570 2141 1640 domini

694 1706 845 1779 Roberti
863 1704 1022 1778 Seoundi
1039 1708 1132 1799 regis
1149 1704 1342 1777 Scotorum
1354 1706 1525 1799 produxit
1542 1714 1582 1776 et
1594 1728 1714 1777 eoram
1727 1703 1832 1777 dietis
1845 1703 2003 1798 personis
2020 1706 2143 1779 eledis

693 1844 828 1939 perlegi
839 1843 1094 1928 fecitQuarum
1106 1843 1309 1915 litterarum
1321 1854 1426 1914 tenor
1436 1839 1596 1935 sequitur
1605 1843 1643 1913 in
1653 1842 1855 1915 heeverba·
1868 1841 2038 1941 [utsupra
2052 1843 2140 1937 184]

693 1981 834 2066 Quibus
850 1980 1015 2075 perlettis
1032 1991 1071 2051 et
1087 1981 1286 2052 rationibus
1302 1976 1486 2072 utriusque
1509 1982 1620 2073 partis
1636 1981 1769 2051 auditis
1786 1989 1825 2051 et
1841 1980 2034 2052 intellettis
2050 1983 2144 2055 diste

692 2117 841 2213 persone
867 2120 912 2190 de
935 2118 1171 2212 parliamento
1195 2117 1318 2190 elettis
1341 2126 1482 2190 matura
1505 2116 1763 2189 deliberatione
1786 2116 1963 2209 prelibata
1979 2119 2145 2192 decreve-

693 2268 778 2328 runt
795 2252 995 2329 consimiles
1013 2255 1151 2327 litteren
1167 2254 1233 2327 sub
1250 2278 1381 2351 magno
1400 2251 1555 2350 [sigillo]
1578 2256 1713 2325 domini
1731 2253 1840 2327 nostri
1858 2259 1951 2353 regia
1968 2260 2031 2349 qui
2047 2280 2143 2331 nunc

693 2390 745 2467 est
758 2394 834 2466 ficri
853 2404 891 2466 et
909 2395 984 2466 dari
1002 2394 1133 2465 debere
1150 2394 1267 2465 eidem
1282 2392 1421 2465 Abbati
1434 2392 1652 2466 Vioeoomiti
1670 2404 1709 2464 et
1725 2393 1867 2465 ballivis
1878 2391 1950 2466 suis
1968 2397 2013 2469 de
2031 2396 2143 2469 Perth

693 2533 894 2627 dirigendas
923 2532 968 2603 ad
1003 2531 1292 2625 compellendum
1325 2531 1524 2623 predictum
1554 2530 1755 2602 Robertum
1783 2543 1822 2603 et
1848 2543 1987 2604 eeteros
2016 2534 2143 2607 libere-

693 2678 860 2742 tenentes
883 2693 924 2741 ae
948 2669 1190 2741 inhabitantes
1207 2667 1318 2739 dittas
1344 2678 1458 2740 terras
1482 2669 1528 2739 de
1554 2666 1651 2740 Rath
1677 2680 1716 2740 et
1741 2671 1786 2741 de
1812 2671 2023 2765 kyniawnys
2046 2675 2142 2767 quod

693 2832 765 2879 uon
783 2803 1006 2879 obstantibus
1024 2804 1315 2901 Allegationibus
1331 2800 1401 2876 suis
1418 2807 1456 2875 in
1467 2805 1604 2899 judicio
1621 2801 1807 2899 propolitis
1822 2803 2036 2881 satiffaciant
2049 2811 2143 2882 ditio

693 2945 830 3017 Abbati
848 2954 885 3016 et
903 2940 1116 3017 monasterio
1131 2939 1193 3014 suo
1220 2943 1265 3015 de
1290 2938 1462 3035 premiffis
1478 2939 1642 3015 secundis
1658 2945 1807 3015 decimis
1827 2941 2022 3019 secundum
2039 2960 2141 3021 teno-

691 3106 768 3155 rem
786 3082 988 3154 litterarum
1005 3083 1184 3177 regiarum
1197 3081 1435 3175 predittarum
1449 3080 1587 3153 Datum
1603 3078 1668 3152 sub
1685 3077 1890 3153 testimonio
1902 3086 2024 3180 magni
2036 3081 2140 3184 sigilli

692 3221 839 3314 preditti
857 3220 992 3291 domini
1006 3216 1115 3291 nostri
1128 3220 1222 3315 regis
1237 3216 1347 3311 Apud
1365 3217 1576 3313 Edinburgh
1593 3218 1637 3290 ad
1655 3213 1866 3291 instanciam
1883 3220 1968 3293 dieti
1986 3220 2142 3295 Abbatis

692 3352 857 3429 vicesimo
874 3356 999 3429 ottavo
1017 3356 1075 3427 die
1093 3352 1223 3427 meniis
1241 3355 1324 3427 maii
1343 3352 1462 3425 Annis
1480 3354 1614 3425 domini
1632 3364 1671 3425 et
1688 3356 1781 3450 regis
1798 3359 1899 3450 regni
1917 3360 2109 3451 predittis·

690 3625 799 3699 Bulla
816 3626 914 3721 Pape
932 3626 1083 3699 Martini
1102 3667 1109 3683 ·

573 3948 655 4019 903·
691 3884 906 4007 (Qartinue
923 3901 988 3999 epis
1004 3900 1128 3975 seruus
1145 3900 1274 3989 lernou
1292 3902 1375 3975 deis
1392 3901 1537 3975 Dilebto
1560 3902 1634 3973 filio
1656 3901 1832 3999 prepolito
1855 3907 2004 4002 Capelle
2026 3910 2140 4007 Regie

690 4042 946 4115 San&iandme
963 4039 1043 4113 Sall
1059 4050 1098 4113 et
1115 4039 1268 4134 aplioam
1283 4038 1356 4112 beii
1373 4080 1383 4098 ·
1400 4038 1593 4133 conquesti
1611 4037 1694 4113 sunt
1717 4042 1819 4115 nobis
1837 4044 1962 4117 Abbas
1983 4057 2022 4119 et
2045 4047 2139 4120 Con·

689 4191 821 4252 uentus
838 4175 1047 4271 monasterij
1066 4180 1111 4250 de
1135 4176 1254 4250 Souna
1278 4176 1411 4250 ordinis
1435 4174 1545 4251 santii
1563 4176 1756 4275 Augustini
1783 4180 2040 4257 Sandtiandree
2057 4188 2138 4259 drot

689 4314 738 4409 qd
756 4313 908 4388 vniuerfi
925 4316 1089 4388 homines
1106 4315 1191 4387 ville
1208 4316 1254 4386 de
1267 4314 1402 4387 Paroiis
1421 4317 1642 4409 parrochiani
1659 4320 1758 4390 ectio
1774 4318 1861 4392 ville
1877 4322 1924 4392 de
1940 4320 2028 4394 Blar
2043 4326 2138 4396 ditte

689 4455 770 4526 drot
787 4493 795 4509 ·
812 4476 920 4547 quam
938 4453 1087 4526 eootiam
1104 4454 1189 4525 diui
1206 4451 1332 4525 Abbas
1348 4462 1388 4525 et
1404 4452 1616 4526 Conuentus
1632 4455 1669 4526 in
1688 4453 1770 4527 usus
1790 4460 1950 4551 proprios
1967 4463 2138 4533 canonice

688 4593 882 4664 obtinenti
898 4591 944 4663 ad
961 4589 1111 4663 eooiiam
1123 4590 1263 4684 prefati
1277 4591 1449 4663 aooedere
1461 4612 1471 4651 t
1483 4603 1522 4664 et
1534 4592 1668 4665 ibidem
1681 4605 1724 4665 ut
1737 4605 1929 4667 tenentur!
1938 4594 2139 4671 eooiiastioa

688 4728 907 4802 sacramenta
922 4730 1081 4822 recipere
1098 4750 1239 4800 necnon
1256 4730 1420 4800 diuinum
1445 4728 1597 4801 uerbum
1620 4730 1744 4803 audire
1766 4734 1909 4826 propria
1930 4737 2137 4808 temeritate

689 4874 978 4960 contempnunt!
995 4866 1159 4938 iaciendo
1172 4861 1238 4939 libi
1255 4889 1319 4959 per
1334 4866 1470 4939 alienos
1485 4862 1596 4959 fibros
1612 4868 1649 4937 in
1667 4868 1737 4940 alia
1753 4869 1867 4943 ecclia
1884 4872 2006 4943 diuina
2021 4872 2138 4945 officia

690 5015 827 5075 temere
845 5004 1017 5076 celebrari
1034 5004 1072 5074 in
1084 5002 1242 5077 Abbatis
1258 5015 1297 5076 et
1310 5003 1522 5077 conuentus
1538 5028 1580 5077 ac
1596 5005 1796 5101 ‹nonasterij
1815 5022 1853 5081 et
1870 5009 1983 5082 ecoiie
2000 5014 2138 5104 predio·
