4917 6509
646 783 713 849 132
1156 775 1314 849 LIBER
1339 774 1588 849 ECCLESIE
1921 797 1997 848 sac.
2017 798 2099 849 xrv.

644 996 752 1066 quam
769 996 865 1045 nunc
883 974 1012 1067 prefati
1030 971 1182 1069 religiosa
1201 972 1379 1069 pollident
1396 919 1481 1047 curn
1499 971 1632 1046 statum
1646 983 1684 1045 et
1696 970 1941 1067 possessionem
1959 997 2100 1068 corpor-

644 1109 738 1183 alem
754 1112 894 1203 prefate
910 1108 1060 1183 ecclesre
1077 1112 1123 1185 de
1140 1112 1219 1184 blar
1236 1113 1460 1184 obtinuerint
1477 1108 1696 1205 dispositioni
1714 1107 1906 1205 provisroni
1929 1124 1968 1184 et
1989 1111 2099 1185 colla·

645 1249 735 1321 tioni
750 1244 868 1319 nostre
887 1258 925 1321 et
940 1245 1175 1321 successorum
1191 1248 1391 1321 nostrorum
1408 1249 1522 1321 libere
1534 1258 1719 1320 remaneat
1733 1272 1775 1319 ac
1788 1249 1897 1342 pleno
1907 1250 1991 1343 jure
2008 1248 2099 1323 sem·

644 1408 709 1479 per
721 1388 902 1479 pertineat
918 1387 956 1456 in
974 1384 1136 1457 futurum
1151 1385 1381 1458 Renunciato
1394 1387 1539 1479 penitus
1551 1408 1617 1479 per
1629 1387 1786 1478 prefatos
1802 1383 1985 1481 religiosos
2001 1390 2099 1459 omui

639 1525 722 1615 jure
744 1524 839 1616 quod
864 1519 947 1616 ipsis
972 1524 1202 1616 competebat
1227 1524 1286 1595 vel
1308 1534 1515 1617 competere
1536 1524 1657 1615 potuit
1673 1525 1712 1593 iu
1729 1523 1856 1594 cadem
1907 1521 1958 1595 Et
1973 1535 2017 1593 ut
2032 1525 2101 1597 hec

646 1658 766 1733 nostra
781 1658 924 1755 presens
937 1661 1131 1732 annexatio
1145 1656 1320 1731 conceffio
1331 1671 1369 1731 et
1379 1660 1530 1731 donacio
1544 1660 1693 1753 prefatis
1707 1654 1879 1753 religiosis
1891 1658 1988 1732 saeta
2002 1661 2101 1732 futu-

646 1801 694 1868 ris
707 1798 891 1891 perpetuis
907 1797 1129 1890 temporibus
1142 1797 1245 1868 firma
1261 1806 1301 1867 et
1317 1792 1521 1868 inconcussa
1533 1803 1743 1889 permanent
1757 1795 1927 1892 Sigillum
1939 1796 2100 1869 nostrum

647 1939 871 2009 autenticum
890 1960 963 2009 una
983 1958 1066 2008 cum
1088 1933 1215 2029 sigillo
1233 1937 1418 2006 communi
1435 1933 1585 2027 capituli
1602 1930 1713 2004 nostri
1729 1929 1953 2027 presentibus
1970 1932 2024 2007 est
2040 1960 2102 2029 ap·

647 2071 796 2167 pensum
816 2072 954 2145 Datum
981 2074 1076 2166 apud
1101 2070 1456 2145 Sanctumandream·
1474 2072 1539 2164 xij⁰
1563 2072 1621 2141 die
1641 2066 1774 2141 mensis
1795 2072 1963 2164 febmarij
1990 2072 2101 2143 Anno

648 2211 783 2281 domini
800 2216 848 2284 ‹n⁰
865 2221 940 2283 ccc⁰
958 2208 1029 2303 lvj⁸f³

649 2486 759 2559 Carta
777 2484 958 2558 Willelmi
978 2486 1143 2583 Episcopi
1161 2487 1284 2560 Sancti
1304 2489 1452 2561 Andree
1469 2488 1515 2559 de
1532 2483 1684 2560 ecclesus
1699 2489 1746 2559 de
1763 2486 1877 2559 Blar·

538 2760 618 2837 176.
652 2739 852 2837 Universrs
876 2763 922 2835 ad
939 2785 1028 2855 quos
1044 2760 1228 2857 presentes
1251 2762 1374 2834 littere
1397 2764 1629 2855 pervenerint
1646 2761 1857 2835 Willelmus
1876 2759 2104 2836 miseratione

649 2901 771 2973 divina
793 2897 990 2994 Episcopus
1012 2896 1256 2973 sandiandree
1278 2908 1442 2971 eternam
1467 2900 1505 2970 in
1528 2899 1675 2970 domiuo
1699 2898 1851 2971 salutern
1874 2922 1921 2971 ex
1946 2898 2106 2995 Religio·

649 3038 766 3110 sorum
785 3038 940 3107 virorum
958 3036 1114 3109 Abbatis
1132 3046 1170 3108 ct
1187 3045 1389 3109 conventus
1404 3031 1610 3129 monasterij
1629 3036 1675 3107 de
1692 3035 1812 3109 Scona
1835 3036 1969 3107 ordinis
1993 3032 2104 3109 aaut

649 3172 846 3271 Augustini
863 3172 982 3247 nostre
996 3170 1144 3247 diocesrs
1161 3169 1401 3246 insinuatione
1418 3173 1522 3245 nobis
1534 3194 1651 3266 nuper
1665 3174 1827 3245 innotuit
1843 3174 1939 3265 qnod
1956 3169 2104 3245 ecclesie

650 3313 695 3384 de
712 3309 882 3383 kerintod
905 3312 944 3381 in
968 3312 1130 3403 partibus
1151 3310 1319 3383 laudonie
1345 3312 1441 3381 dide
1465 3306 1585 3381 nostre
1610 3304 1756 3381 diocesis
1778 3304 1976 3382 constituta
1997 3332 2104 3401 quarn

649 3450 734 3521 diui
763 3442 934 3540 Religiosr
951 3471 974 3518 a
991 3447 1115 3518 multis
1140 3446 1325 3518 retroadis
1350 3446 1574 3540 temporibus
1590 3446 1629 3516 in
1645 3445 1805 3538 proprios
1827 3442 1911 3515 usus
1927 3454 1966 3516 et
1982 3468 2106 3517 mona·

651 3583 747 3677 sterij
769 3580 822 3654 sui
848 3583 996 3675 predicti
1018 3581 1216 3654 utilitatem
1242 3582 1428 3653 tenuerint
1452 3590 1561 3674 prout
1585 3581 1703 3653 adhuc
1729 3589 1858 3653 teuent
1879 3583 2041 3672 quamvis
2066 3583 2105 3652 in

650 3720 850 3792 redditibus
875 3715 960 3790 satis
977 3719 1138 3817 abundet
1163 3718 1242 3811 ejus
1266 3727 1391 3790 tamen
1415 3717 1555 3791 utilitas
1581 3728 1726 3812 propter
1748 3718 1887 3789 viamm
1903 3714 2106 3791 discrimina

651 3872 689 3929 et
706 3858 867 3929 locorum
885 3852 1090 3927 distantiam
1108 3856 1146 3926 in
1163 3853 1217 3927 sui
1238 3856 1467 3928 commodum
1491 3856 1538 3928 de
1563 3855 1659 3927 facili
1685 3856 1846 3927 converti
1871 3877 1945 3925 non
1961 3852 2106 3949 potest!

651 3995 817 4089 quodque
835 3990 983 4067 ecclesus
1004 3992 1049 4064 de
1072 3993 1152 4065 blai‘
1178 3989 1326 4065 diocesis
1349 3990 1468 4067 nostre
1490 3995 1650 4089 predicte
1667 3996 1769 4067 cuius
1791 3995 1936 4067 collatio
1953 3991 2106 4088 provisio

651 4143 689 4205 et
710 4132 916 4205 omnimoda
941 4126 1120 4224 disposrtio
1142 4131 1187 4203 ad
1212 4154 1278 4203 uos
1298 4132 1407 4225 pleno
1423 4134 1507 4226 jure
1529 4136 1712 4227 pertinere
1728 4129 1949 4205 dinoscitur!
1965 4131 2052 4204 licet
2067 4134 2106 4203 in

651 4267 850 4340 redditibus
872 4267 1065 4339 admodum
1085 4263 1128 4338 srt
1146 4267 1278 4340 exilis!
1293 4268 1374 4361 plus
1391 4278 1515 4342 tamen
1532 4270 1704 4342 utilitatis
1719 4279 1866 4365 propter
1884 4270 2106 4341 vicinitatem

651 4407 702 4476 eis
723 4412 761 4475 ct
778 4401 992 4475 monasterio
1016 4402 1078 4475 suo
1103 4393 1248 4477 afferret
1273 4401 1301 4475 sr
1325 4407 1370 4477 de
1395 4408 1500 4479 dicis
1526 4404 1684 4479 ecolesria
1700 4408 2006 4501 permutationem
2023 4430 2106 4479 oon-

652 4544 810 4637 tingeret
840 4540 1013 4612 celebrari
1042 4536 1230 4633 presertim
1255 4565 1303 4614 ex
1329 4567 1373 4614 eo
1398 4545 1493 4637 quod
1519 4540 1670 4617 ecclesra
1693 4545 1739 4615 de
1764 4542 1863 4616 blare
1888 4544 2048 4637 predica
2068 4546 2107 4614 in

652 4680 833 4751 territorio
860 4675 944 4771 ipsis
972 4675 1162 4773 Religiosrs
1184 4681 1323 4753 ratione
1349 4681 1498 4774 dominij
1527 4677 1736 4774 temporalis
1762 4679 1923 4774 subjecto
1948 4674 2107 4752 consistit

652 4816 772 4900 Quare
806 4814 909 4885 nobis
938 4814 1023 4886 disi
1058 4812 1214 4909 religiosi
1245 4810 1493 4910 supplicarunt
1521 4818 1691 4908 quatinus
1725 4818 1821 4890 dicte
1849 4816 2106 4911 permutationi

652 4952 816 5023 faciende
846 4947 1004 5021 nostrum
1035 4948 1243 5024 consensum
1276 4962 1317 5024 et
1347 4952 1601 5027 aud’toritatem
1629 4955 1838 5049 impendere
1868 4954 2107 5048 dignaremur.
