4917 6509
663 796 731 865 192
1171 784 1329 857 LIBER
1353 784 1601 859 ECCLESIE
1772 856 1781 877 ,
1957 810 2032 859 snc.
2046 808 2111 859 xv.

660 988 850 1058 tiratantro
886 984 1079 1081 vulgariter
1113 986 1292 1078 loquendo
1319 983 1390 1079 syff
1417 988 1488 1057 and
1521 986 1613 1079 ridyl
1647 984 1837 1059 cribrasato
1867 988 2042 1059 mundato
2071 996 2110 1057 et

660 1124 782 1194 debite
816 1125 989 1216 deputato
1023 1132 1129 1216 prout
1159 1132 1197 1195 et
1231 1124 1533 1215 quemadmodum
1563 1124 1787 1195 frumentum
1821 1126 1916 1216 quod
1951 1125 2111 1195 defertur

660 1264 842 1333 communi
872 1263 947 1333 foro
982 1262 1211 1333 vendendum
1245 1271 1454 1356 preparatur
1486 1270 1525 1332 et
1559 1263 1754 1333 mundatur
1787 1260 1925 1334 Abbati
1955 1272 1994 1333 et
2025 1286 2110 1334 con-

661 1394 784 1473 ventui
810 1402 977 1497 predistis
998 1402 1107 1493 juxta
1133 1396 1241 1493 ipfius
1266 1424 1353 1471 cane
1379 1420 1583 1493 premerem
1610 1398 1897 1471 Inseodationem
1922 1402 2110 1471 annuatim

660 1552 697 1609 et
723 1563 806 1611 cum
831 1536 996 1611 mensura
1021 1539 1200 1631 quondam
1220 1536 1398 1609 Willelmi
1425 1537 1536 1631 Regis
1561 1547 1600 1607 et
1624 1537 1806 1609 donatoris
1822 1535 2010 1631 supraditti
2031 1562 2111 1631 per·

659 1676 747 1748 solvi
764 1688 932 1749 teneatur
959 1676 1016 1747 De
1035 1686 1073 1745 et
1090 1674 1194 1768 super
1218 1676 1348 1767 quibus
1365 1676 1531 1746 omnibus
1547 1685 1586 1745 et
1604 1673 1750 1769 lingulis
1767 1676 1928 1769 prefatus
1944 1676 2110 1747 dominus

660 1815 785 1888 Abbaa
802 1840 823 1887 a
840 1839 899 1886 me
916 1816 1055 1886 notario
1081 1812 1225 1906 publico
1243 1811 1438 1906 subscripto
1455 1809 1519 1882 srbi
1537 1812 1614 1883 lieri
1638 1814 1748 1905 peciit
1774 1813 1842 1883 boc
1859 1810 2003 1905 presens
2019 1814 2110 1906 pub-

660 1916 777 2024 licum¹
788 1944 1065 2023 instrumentum
1082 1948 1177 2022 Aea
1202 1960 1305 2021 erant
1330 1951 1397 2022 hec
1423 1951 1484 2020 ubi
1502 1948 1606 2043 supra
1629 1949 1707 2021 Sub
1724 1973 1818 2020 anno
1836 1950 1895 2020 die
1911 1948 2032 2021 mense
2049 1949 2110 2022 In·

661 2092 816 2161 dittione
834 2100 872 2160 et
889 2086 1326 2183 pontificatnsupradittis
1353 2084 1581 2159 Preseutibus
1606 2087 1740 2158 ibidem
1766 2089 1920 2158 dominis
1940 2089 2110 2160 auditori-

661 2230 727 2299 bus
744 2225 949 2321 supradittis
966 2226 1087 2299 Alano
1105 2228 1214 2299 etiam
1238 2227 1284 2297 de
1301 2226 1424 2297 laudre
1441 2224 1651 2296 Alexandro
1669 2223 1914 2321 scrymgeoure
1931 2226 2109 2321 clavigero

660 2376 697 2437 et
715 2367 859 2437 henrico
878 2367 922 2437 de
940 2364 1155 2472 Ottirburne
1172 2360 1323 2435 testibus
1340 2386 1422 2435 cum
1439 2362 1622 2434 nonnullis
1639 2363 1718 2435 aliis
1735 2365 1781 2434 ad
1797 2360 1960 2456 premissa
1972 2366 2107 2437 vocatis

540 2582 543 2589 ,
659 2502 856 2597 specialiter
874 2516 911 2573 et
929 2498 1125 2596 Requisrtis
1143 2544 1150 2558 ·

791 2641 840 2713 Et
865 2665 933 2737 ego
956 2641 1151 2715 Galwanus
1174 2640 1294 2735 Brody
1310 2636 1492 2734 presbyter
1508 2638 1762 2713 dunblanensrs
1780 2638 1926 2713 diocesis
1943 2642 2108 2736 publicus

790 2782 1003 2852 suttoritate
1021 2778 1203 2872 Imperiali
1228 2778 1401 2851 Notarius
1424 2778 1519 2863 Quia
1541 2781 1580 2849 in
1605 2775 1777 2873 premissis
1795 2780 1941 2872 querela
1965 2790 2003 2851 et
2026 2804 2111 2882 oon·

789 2914 936 2990 sessione
954 2916 1151 3010 ceterisque
1168 2918 1334 2989 omnibus
1351 2916 1431 2989 aliis
1456 2927 1494 2988 et
1518 2914 1664 3013 singulis
1689 2920 1775 2989 dum
1800 2914 1849 2990 src
1866 2929 1908 2989 ut
1932 2922 2110 3013 premitti-

788 3068 849 3129 tur
875 3080 994 3129 coram
1021 3056 1169 3151 prefatis
1199 3057 1352 3127 dominis
1376 3058 1599 3128 auditoribus
1624 3066 1817 3152 agerentur
1841 3066 1881 3127 et
1907 3058 2111 3129 dicerentur

788 3207 826 3267 et
852 3196 982 3268 fierent
1009 3193 1093 3267 Una
1110 3218 1192 3266 cum
1209 3198 1468 3287 prenominatis
1484 3192 1636 3267 testibus
1661 3194 1803 3289 presens
1828 3196 1976 3267 interfui
1996 3220 2109 3289 eaque

788 3336 909 3405 omnia
925 3344 964 3404 et
980 3328 1119 3426 sanguia
1144 3326 1191 3402 fic
1213 3333 1290 3403 fieri
1316 3334 1389 3403 vidi
1419 3332 1516 3405 Scivi
1542 3344 1581 3404 et
1610 3334 1730 3405 audivi
1754 3344 1793 3405 et
1817 3336 1856 3405 in
1881 3344 2004 3405 notam
2030 3337 2109 3427 cepi

684 3536 687 3545 ,
788 3469 948 3562 Ideoque
978 3470 1046 3539 hoo
1077 3465 1220 3560 presens
1245 3468 1429 3560 publicum
1455 3467 1734 3542 instrumentum
1765 3494 1874 3542 manu
1904 3470 2022 3543 aliena
2051 3495 2110 3543 me

788 3610 896 3680 certis
923 3608 1002 3679 eliis
1030 3614 1204 3698 occupato
1231 3607 1385 3700 negotiis
1411 3606 1568 3679 fideliter
1594 3610 1731 3679 confeci
1762 3608 1874 3704 Signo
1897 3632 1939 3680 ac
1963 3612 2110 3679 nomine

772 3738 878 3819 ¹meis
894 3744 1007 3817 solitis
1025 3754 1063 3817 et
1080 3742 1260 3816 consuetis
1278 3742 1351 3815 Hic
1368 3768 1426 3816 me
1443 3767 1554 3816 manu
1571 3744 1833 3817 subscribendo
1851 3744 1997 3841 Signari
2015 3758 2053 3817 et
2071 3749 2110 3817 in

788 3887 880 3959 hanc
905 3884 1086 3979 publicam
1116 3884 1268 3956 formam
1294 3880 1432 3979 Redegi
1458 3881 1516 3955 Ac
1544 3882 1679 3979 Sigillis
1705 3886 1927 3976 quorundam
1954 3885 2110 3975 Audito·

788 4047 868 4095 rum
886 4024 1126 4117 predittorum
1143 4023 1189 4093 de
1206 4045 1330 4092 eorum
1349 4020 1504 4115 Speciali
1521 4023 1692 4093 mandato
1709 4023 1818 4093 michi
1835 4024 1929 4095 fano
1947 4022 2109 4119 sigillavi

790 4162 952 4257 Rogatus
977 4163 1111 4255 pariter
1135 4170 1173 4266 et
1198 4157 1387 4252 requisitus
1410 4162 1447 4230 in
1471 4160 1578 4231 iidem
1606 4169 1644 4231 et
1670 4156 1914 4232 testimonium
1933 4160 2110 4234 Veritatis

791 4302 950 4373 omnium
968 4310 1007 4371 et
1025 4297 1258 4395 Singulorum
1274 4294 1518 4393 premissorum
1534 4297 1597 4369 Ad
1614 4297 1873 4370 Caneellariam
1892 4340 1900 4355 ·

660 4578 893 4649 Confirmatio
910 4575 934 4647 J
936 4576 1038 4647 scobi
1057 4575 1167 4670 Regis
1185 4573 1286 4647 cane
1302 4524 1485 4667 cujusdam
1502 4576 1548 4646 de
1565 4576 1669 4645 terris
1688 4575 1733 4645 de
1751 4573 1985 4687 lnchmertyn
2003 4616 2011 4632 ·

548 4822 631 4919 229⁴.
660 4831 830 4927 Jacobus
848 4852 918 4925 Dei
936 4852 1063 4925 Gratia
1081 4849 1162 4923 Rex
1186 4849 1397 4923 Scottorum
1423 4851 1589 4921 omnibus
1615 4852 1734 4943 probis
1758 4851 1961 4923 hominibus
1977 4851 2048 4922 suis
2064 4853 2109 4924 ad

546 4960 548 4965 ,
662 5016 749 5085 quos
768 4990 948 5084 presentes
973 4989 1094 5061 littere
1120 4991 1350 5083 pervenerint
1366 4986 1517 5060 salutem
1544 4988 1675 5061 Sciatis
1700 5013 1765 5060 nos
1791 4991 1970 5083 quoddam
1991 4991 2110 5061 abtum
