4917 6509
355 836 442 889 nse.
456 836 568 891 saux.
583 834 624 886 ιι.
768 812 807 886 S.
833 809 1131 885 'PRINITATIS
1157 810 1227 885 DE
1253 808 1400 885 SCON.
1764 817 1810 883 45

355 1018 478 1109 quiete
495 1022 534 1087 et
550 1012 709 1109 plenarie
725 1009 817 1085 fiout
834 1021 934 1085 carta
948 1011 1097 1106 predidti
1114 1008 1269 1083 Comitis
1292 1010 1378 1082 inde
1394 1008 1607 1083 resedistis
1629 1010 1811 1083 canonicis

355 1149 447 1225 iuste
464 1148 618 1225 testatur
665 1146 831 1224 'festibus
847 1145 1016 1245 magistro
1034 1147 1187 1221 Matheo
1204 1149 1294 1219 caud
1311 1145 1422 1243 Ingei
1442 1147 1488 1220 de
1504 1145 1632 1219 Baillis
1649 1145 1811 1221 Haurioo

356 1288 483 1363 Baillis
511 1258 629 1363 ceila?
655 1284 828 1383 Radulpb
854 1286 1039 1383 capellano
1065 1282 1233 1359 Waltero
1260 1284 1393 1358 cumin
1418 1285 1582 1359 Gslsrido
1609 1285 1740 1359 elerico
1766 1286 1812 1357 de

356 1430 569 1503 liberatione
593 1426 783 1501 Willelmo
813 1426 859 1499 de
884 1425 1018 1497 Bonkil
1082 1421 1194 1518 Apud
1224 1421 1360 1495 Kinros
1386 1427 1487 1496 ιιιιι*0
1513 1426 1572 1497 die
1598 1424 1690 1517 Maij
1717 1447 1812 1497 auno

356 1568 457 1663 regni
475 1568 611 1639 domini
629 1566 741 1662 Regis
757 1566 884 1659 quinto
901 1564 1050 1635 decimo.

358 1838 468 1913 Carta
484 1838 685 1913 Alexandri
703 1838 814 1935 Regis
831 1838 879 1911 de
899 1837 1132 1933 protedione.

288 2112 333 2183 73
358 2088 584 2185 Alexander
595 2111 667 2185 Dei
676 2114 793 2209 grstia
806 2110 888 2183 Rex
902 2108 1112 2183 Scottorum
1138 2109 1319 2185 Omnibus
1331 2112 1605 2185 vicecomitibus
1617 2113 1760 2186 ballivis
1773 2126 1813 2187 et

358 2252 489 2325 eeteris
505 2249 625 2346 probis
641 2250 847 2323 hominibus
863 2246 935 2322 suis
953 2250 998 2323 de
1015 2248 1183 2324 Moravia
1206 2257 1245 2322 et
1270 2251 1317 2322 de
1341 2249 1495 2324 Gatann.
1521 2252 1566 2323 sd
1592 2275 1682 2346 quos
1707 2253 1813 2326 litere

358 2385 541 2484 presentes
556 2390 788 2484 pervenerint
804 2385 957 2461 salutem
1008 2386 1140 2461 Sciatis
1156 2410 1222 2460 nos
1238 2409 1369 2461 navem
1386 2388 1528 2463 abbatis
1550 2398 1589 2462 et
1611 2400 1814 2463 conventus

360 2526 404 2599 de
422 2524 542 2599 Seona
558 2534 597 2599 et
612 2526 776 2599 homines
800 2523 881 2599 suos
905 2527 966 2620 qui
992 2523 1076 2598 suut
1101 2526 1139 2597 iu
1164 2522 1240 2621 ipss
1263 2533 1304 2599 et
1328 2528 1450 2599 omnis
1473 2529 1569 2599 bona
1592 2550 1719 2601 eorum
1743 2552 1815 2622 que

359 2663 495 2737 babent
519 2664 558 2735 in
583 2662 710 2737 eadem
725 2660 792 2736 sub
816 2660 937 2736 nostra
960 2662 1064 2737 firma
1087 2686 1177 2758 paee
1202 2671 1242 2736 et
1265 2637 1490 2758 protedtione
1514 2662 1607 2737 iuste
1629 2662 1815 2760 suscepisse

361 2802 482 2888 Quare
497 2800 649 2875 firmiter
664 2801 895 2896 prohibemus
913 2802 1057 2895 nequis
1074 2801 1169 2875 diste
1186 2803 1270 2873 navi
1287 2801 1346 2873 vel
1361 2802 1567 2875 hominibus
1588 2804 1651 2896 qui
1675 2802 1815 2876 suntin

360 2940 486 3012 eadem
504 2945 568 3012 aut
584 2938 689 3011 bonis
705 2938 799 3011 infra
814 2936 926 3033 ipsam
943 2940 1126 3011 sententis
1139 2936 1279 3010 mulum
1290 2939 1458 3011 iniuriam
1471 2936 1672 3013 molestiam
1684 2936 1815 3013 iniuste

360 3077 493 3150 inierat
517 3086 582 3149 aut
607 3096 802 3173 gravamen
817 3072 924 3169 super
940 3072 1098 3147 nostram
1114 3073 1314 3170 plenariam
1338 3073 1596 3149 fovilladturam
1646 3075 1697 3148 Et
1714 3077 1816 3149 vobis

360 3214 573 3287 mandamus
600 3222 639 3287 et
665 3212 881 3306 precipimus
908 3212 1079 3305 quatinus
1106 3235 1190 3285 eum
1216 3211 1293 3308 ipsa
1317 3213 1419 3285 navis
1450 3236 1515 3306 per
1544 3235 1607 3285 vos
1635 3209 1816 3287 transverit

361 3348 473 3445 ipsam
491 3360 530 3423 et
544 3350 709 3423 homines
725 3347 866 3422 abbatis
882 3358 922 3421 et
939 3357 1140 3423 eonventus
1157 3351 1218 3442 qni
1242 3350 1280 3422 in
1305 3372 1349 3423 ea
1373 3350 1509 3423 suerint
1533 3345 1626 3425 iuste
1649 3359 1817 3424 manute-

362 3489 479 3561 neatis
496 3497 535 3560 et
551 3486 754 3559 defendatis
771 3508 844 3558 non
869 3485 1124 3579 permittentes
1149 3495 1327 3581 quantum
1352 3489 1391 3559 iu
1417 3488 1518 3561 vobis
1542 3484 1597 3561 est
1621 3498 1664 3561 ut
1687 3488 1817 3583 niiqus

363 3600 415 3699 eis
430 3626 597 3699 iniuriam
614 3625 746 3698 inierat
762 3633 828 3698 sut
842 3646 1036 3719 gravamen
1087 3623 1154 3697 Set
1178 3646 1241 3698 eos
1265 3648 1310 3699 ea
1333 3648 1405 3720 que
1430 3626 1483 3713 ad
1501 3628 1636 3700 vidum
1660 3626 1817 3723 ipsorum

363 3766 503 3839 abbatis
537 3772 577 3839 et
609 3771 809 3837 conventus
842 3762 977 3837 mmint
1009 3758 1202 3837 neoeilaria
1235 3765 1331 3837 inter
1360 3760 1527 3837 vussino
1557 3766 1817 3859 impedimento

364 3926 484 3975 emere
500 3902 721 3997 permittatis
770 3894 936 3975 Testibus

367 4176 476 4250 Carta
492 4174 694 4251 Alexandri
711 4174 823 4271 Regis
839 4176 885 4249 de
902 4173 1042 4249 duabus
1058 4174 1149 4247 aeris
1165 4183 1262 4247 terre
1278 4175 1317 4246 iu
1334 4176 1515 4247 territorio
1531 4176 1578 4248 de
1594 4115 1700 4249 Seon.

297 4458 345 4534 74
367 4428 592 4527 Alexander
607 4448 679 4523 Dei
695 4450 812 4547 gratia
829 4448 911 4522 Rex
928 4447 1139 4522 Scottorum
1164 4447 1331 4521 omnibus
1347 4449 1468 4543 probis
1483 4448 1690 4523 homiuibus
1705 4453 1819 4525 totius

367 4602 463 4665 terre
480 4588 542 4663 sue
557 4586 711 4662 salutem
761 4584 889 4659 Sciant
904 4582 1088 4682 presentes
1105 4594 1144 4659 et
1160 4585 1276 4659 futuri
1301 4608 1367 4660 uos
1382 4588 1571 4661 earitative
1586 4584 1720 4661 dedisse
1735 4612 1820 4661 oon-

368 4722 498 4805 eeffisse
524 4736 563 4799 et
586 4726 654 4799 hae
679 4733 780 4799 earta
801 4718 922 4797 nostra
945 4720 1166 4799 eouflrmsise
1195 4722 1318 4799 abbati
1347 4733 1387 4799 et
1415 4726 1596 4799 canonicis
1625 4726 1672 4799 de
1700 4724 1821 4799 Sooua
1955 4738 1981 4819 J

369 4868 457 4941 duas
473 4885 573 4939 sorus
590 4873 685 4937 terre
701 4863 740 4935 in
755 4862 937 4935 territorio
954 4861 999 4935 de
1016 4858 1135 4937 Souna
1150 4862 1214 4935 ubi
1230 4861 1481 4937 molendinum
1496 4860 1653 4960 ipsorum
1675 4864 1820 4937 eanoni-

370 5026 494 5080 corum
519 5000 565 5077 ad
594 5010 745 5076 ventum
774 4995 883 5073 situm
912 4996 967 5073 est
1025 4998 1184 5073 Tenend.
1215 5008 1255 5075 et
1282 5000 1436 5075 habsud.
1465 4998 1598 5074 eisdem
1627 4998 1750 5075 abbati
1780 5010 1819 5075 et
