4917 6509
600 806 670 878 116
1107 796 1264 871 LIBER
1288 796 1536 871 Ecchssnu
1864 818 1940 871 nnc.
1959 820 2043 873 nv.

598 1022 662 1071 seu
679 1000 753 1071 niis
770 992 882 1068 ffiists
899 995 1062 1067 facienda
1085 1016 1149 1067 seu
1166 969 1240 1067 olio
1256 994 1442 1066 subeundo
1458 990 1646 1087 copsllutis
1662 1032 1672 1050 ·
1690 992 1738 1065 de
1752 994 1857 1086 quib3
1880 1017 1906 1086 p
1929 995 2044 1066 infeo-

598 1134 728 1207 dscbos
744 1128 882 1223 mitiq‘s
900 1105 1058 1203 exciiote
1068 1130 1216 1201 fuerunt
1230 1149 1243 1200 s
1258 1100 1336 1204 lille
1351 1140 1377 1199 ”c
1392 1134 1535 1201 imanes
1551 1127 1664 1200 Cuius
1679 1127 1752 1200 Rei
1767 1127 1965 1223 ullegsciim
1983 1130 2044 1201 de-
2145 1138 2154 1147 '

598 1271 675 1342 bite
697 1280 723 1339 *t
750 1238 872 1341 fideli?
894 1266 1083 1339 fsciendss
1099 1268 1151 1338 eis
1166 1288 1192 1357 p
1208 1262 1317 1357 putes
1332 1265 1547 1360 iuiugimiu
1564 1286 1589 1359 p
1606 1286 1670 1335 vos
1685 1270 1733 1335 cir
1753 1234 1914 1356 oportit
1928 1265 2043 1359 iuiugi

599 1404 742 1477 volumil
764 1442 772 1460 ·
797 1404 840 1475 sb
856 1410 916 1496 pe·
932 1397 1099 1475 umiffiois
1124 1400 1198 1471 oim
1215 1404 1240 1493 li
1256 1422 1341 1495 ergo
1364 1422 1432 1471 nos
1455 1401 1576 1471 amitti
1598 1369 1738 1494 poPunt
1761 1400 1802 1469 iu
1825 1400 1893 1469 eiu
1909 1421 1982 1490 quo
1998 1398 2044 1470 dc

599 1538 756 1612 cout‘rio
772 1534 878 1632 poffit
892 1540 931 1609 in
948 1507 1102 1631 posPum
1118 1536 1261 1608 edoceri
1277 1532 1339 1607 dut
1355 1536 1400 1607 ib
1415 1508 1517 1608 subto
1534 1534 1652 1630 sigillo
1671 1542 1739 1606 nio
1755 1570 1766 1590 ·
1781 1531 1893 1627 Apud
1910 1532 2044 1605 Duude

597 1674 776 1747 (vndecio
793 1675 851 1745 die
867 1666 983 1745 monii
1001 1671 1206 1745 Decembi·
1227 1670 1314 1743 Ario
1331 1671 1451 1766 Regni
1462 1673 1520 1743 nii
1537 1664 1780 1765 Qumngefio

600 1908 817 2049 l’recoptum
835 1954 945 2051 Regis
971 1953 1119 2025 Doridis
1146 1954 1192 2025 de
1221 1951 1449 2025 libertatibus
1473 1961 1512 2025 st
1536 1950 1731 2046 privilegiis
1747 1950 1888 2025 ubbutis
1913 1960 1952 2022 et
1976 1972 2060 2023 con-

600 2102 751 2163 ventus·

489 2356 568 2426 156.
603 2339 737 2436 David
760 2362 818 2434 dci
842 2360 957 2455 gratis
980 2382 1045 2431 rex
1071 2358 1280 2432 Scottorum
1295 2355 1566 2429 vicecomitibus
1590 2355 1635 2425 de
1660 2353 1774 2425 Pertb
1798 2364 1838 2425 ct
1859 2354 1905 2425 de
1925 2353 2044 2425 ll'oriur

597 2496 748 2571 sulutem
765 2497 860 2581 Quis
876 2495 1043 2568 voluntas
1059 2491 1179 2566 nostre
1194 2494 1323 2564 intime
1334 2498 1439 2565 extet
1454 2498 1564 2582 etque
1579 2490 1740 2562 intencio
1755 2486 1938 2584 religiosos
1949 2487 2044 2559 viros

598 2634 784 2706 Abbutem
801 2640 839 2704 et
856 2639 1075 2704 conventum
1091 2624 1295 2720 monesterij
1321 2626 1368 2698 de
1384 2624 1503 2700 Sconu
1517 2626 1557 2697 in
1573 2625 1739 2697 omnibus
1761 2625 1989 2699 libertstibus
2004 2634 2043 2697 st

598 2770 766 2841 franchiis
788 2765 854 2840 fibi
880 2790 947 2861 per
969 2760 1203 2839 euteceffores
1220 2760 1358 2835 nostros
1375 2756 1544 2835 concsffis
1560 2756 1653 2832 iuste
1667 2770 1903 2834 manutenere
1919 2760 2043 2833 fouere

598 2928 683 2978 curs
706 2907 805 2999 regis
829 2912 868 2976 et
894 2903 998 2975 tueri.
1050 2900 1167 2974 Vobis
1194 2899 1406 2971 mundamus
1432 2896 1584 2968 lirmitsr
1612 2898 1850 2991 precipientes
1874 2898 2044 2989 quatinus

597 3048 813 3113 memoratos
830 3036 1014 3112 Abbutcm
1032 3046 1070 3109 et
1086 3044 1308 3109 conventum
1322 3036 1362 3105 in
1378 3034 1545 3104 omnibus
1571 3032 1800 3106 libertstibus
1821 3032 1990 3105 iruuchiis
2005 3040 2044 3105 et

598 3173 791 3271 privilegiis
808 3171 879 3245 suis
896 3170 988 3245 iuste
1000 3179 1278 3245 manutenentes
1293 3164 1387 3263 ipsos
1403 3176 1517 3241 terres
1529 3165 1608 3241 suus
1624 3164 1698 3241 five
1712 3169 1876 3241 homines
1891 3170 1931 3240 in
1942 3168 2043 3240 nullo

598 3318 723 3383 contre
749 3308 935 3381 libertates
961 3308 1138 3401 proditius
1171 3306 1348 3378 franchius
1378 3302 1442 3376 seu
1473 3303 1660 3397 privilegis
1687 3301 1822 3377 eisdem
1850 3326 1915 3397 per
1942 3314 2045 3377 unte·

598 3442 747 3519 cessores
765 3453 804 3516 et
819 3443 1064 3537 progenitores
1082 3436 1219 3511 nostros
1236 3434 1413 3511 concellus
1430 3434 1522 3509 ficut
1537 3439 1763 3530 premittitur
1772 3441 1912 3511 vexetis
1927 3463 2044 3532 neque

597 3580 753 3675 gravetis
769 3601 838 3651 nec
855 3577 901 3649 ub
918 3575 997 3649 eliis
1014 3582 1191 3668 quotenus
1208 3576 1247 3645 in
1263 3574 1364 3645 vobis
1387 3573 1499 3644 fuerit
1515 3573 1638 3643 rsxuri
1662 3580 1727 3645 sut
1742 3576 1881 3666 grsvsri
1896 3576 2045 3667 permit·

597 3717 685 3787 tetis
702 3714 840 3787 Dstum
856 3713 952 3807 opud
968 3706 1222 3783 monesterium
1240 3709 1285 3780 de
1312 3707 1488 3780 Londoris
1503 3714 1567 3779 xx⁰
1583 3707 1642 3779 die
1658 3704 1799 3802 augusti
1814 3707 1925 3781 Anuo
1941 3714 2043 3805 regni

597 3846 706 3923 nostri
723 3858 850 3944 qusrto
868 3850 1017 3921 decimo.

599 4120 708 4193 Corte
724 4121 835 4216 Regis
852 4118 1001 4191 Doridis
1018 4117 1064 4189 de
1080 4114 1307 4189 libertatibus
1321 4154 1329 4173 ·

489 4392 569 4466 157.
603 4369 739 4466 Dauo
756 4391 814 4461 ue
838 4391 903 4485 gu
927 4388 1009 4460 nox
1035 4386 1190 4473 setim
1207 4386 1418 4477 vicecoitibg
1432 4385 1508 4456 eun
1524 4385 1570 4457 ue
1586 4383 1699 4457 Parth
1724 4393 1764 4457 et
1779 4386 1825 4457 se
1841 4385 1963 4460 norm
1979 4428 1988 4447 ·
2005 4397 2045 4461 es

601 4550 672 4614 con
689 4525 840 4597 Bulliuis
852 4546 894 4595 uc
906 4494 1000 4595 celis
1013 4543 1112 4613 quoop
1123 4490 1239 4593 inPsst
1250 4522 1312 4615 qui
1324 4544 1352 4611 p
1365 4526 1450 4612 cepo
1461 4492 1561 4592 rilint
1572 4518 1700 4592 Salute
1713 4518 1960 4605 Querimbium
1972 4522 2045 4596 Re·

601 4660 752 4758 ligioscu
779 4660 887 4729 niori
920 4658 1040 4727 viroris
1069 4656 1226 4739 Abbstis
1254 4663 1486 4728 economus
1518 4624 1701 4735 morellii
1729 4656 1776 4727 de
1809 4654 1929 4730 Scom
1960 4680 2043 4729 oon·

601 4797 739 4889 ospim9
754 4832 762 4848 ·
779 4794 828 4887 q'd
843 4813 868 4887 p
885 4792 1078 4865 vicecoites
1093 4790 1263 4863 nonullos
1271 4790 1318 4862 ds
1333 4790 1440 4882 perth
1451 4797 1491 4861 st
1502 4788 1550 4861 de
1565 4788 1686 4863 fforfur
1698 4791 1759 4883 qui
1773 4796 1898 4887 ptepe
1908 4790 2043 4863 fuerint

601 4902 664 5003 ‘Pro
678 4924 902 5023 poffeffioues
918 4948 960 4999 uc
976 4924 1077 4999 hoies
1101 4927 1158 4999 sui
1183 4926 1222 4997 in
1246 4922 1343 4999 eilde
1360 4946 1449 5018 quus
1468 4925 1507 4995 iu
1531 4930 1678 5018 puniet
1701 4929 1837 5021 ppetuu
1851 4924 2043 4997 clemoium
