4917 6509
682 844 751 912 156
1188 836 1344 907 LIBER
1371 835 1620 908 ECOLESIE
1962 856 2135 907 sacxrv.

679 1043 829 1111 moriem
863 1039 1064 1111 devotionis
1092 1034 1276 1109 sinceritas
1311 1060 1419 1131 quam
1449 1036 1570 1108 diletti
1600 1035 1664 1131 filij
1693 1034 1819 1107 Abbas
1853 1049 1892 1107 et
1925 1034 2136 1109 Conventus

680 1172 883 1269 monasterij
919 1176 964 1247 de
999 1175 1118 1247 Scona
1152 1176 1285 1247 ordinis
1318 1174 1430 1247 sandi
1466 1171 1665 1269 Augustini
1698 1174 1955 1245 Santtiandree
1988 1169 2135 1245 diocesrs

680 1315 724 1384 ad
743 1338 808 1385 nos
826 1324 864 1385 et
888 1314 1092 1386 Romanam
1116 1323 1247 1411 gerunt
1273 1310 1459 1385 ecclesram
1484 1337 1526 1384 ac
1551 1310 1649 1383 sacre
1674 1310 1875 1407 Religionis
1890 1310 2056 1383 honestas
2072 1310 2136 1383 sub

682 1475 752 1543 qua
768 1452 943 1523 abdicatis
970 1453 1095 1522 mundi
1121 1450 1300 1523 illecebris
1325 1452 1471 1522 domino
1497 1451 1711 1521 continuum
1736 1449 1892 1520 reddunt
1918 1448 2134 1521 famulatum

679 1600 931 1681 promerentur
967 1597 1010 1659 ut
1049 1588 1094 1659 ad
1135 1611 1178 1659 ea
1215 1586 1372 1659 libenter
1404 1589 1636 1660 intendamus
1669 1610 1741 1681 que
1773 1610 1899 1660 eanum
1932 1584 2135 1679 monasterij

682 1727 849 1799 utilitatis
882 1725 1021 1820 sapiant
1055 1728 1321 1798 incrementum
1358 1724 1480 1797 Hodie
1519 1723 1695 1818 siquidem
1727 1748 1792 1818 pro
1826 1734 1928 1819 parte
1961 1726 2137 1798 ditiorum

682 1864 838 1937 Abbatis
856 1877 894 1937 et
911 1864 1122 1937 Conventus
1149 1865 1253 1936 nobis
1279 1860 1440 1957 exposrto
1465 1865 1560 1956 quod
1586 1887 1702 1957 nuper
1726 1859 1921 1936 cariffimus
1942 1865 1979 1935 in
1997 1860 2137 1935 Christo

682 2002 777 2073 filius
795 2000 913 2075 noster
930 2003 1112 2075 Robertus
1130 2001 1211 2075 Rex
1229 2000 1439 2075 Scottorum
1464 1996 1611 2073 illustris
1636 2002 1827 2073 attendens
1850 2003 1947 2094 quod
1963 1997 2138 2073 monaste-

681 2144 774 2212 rium
805 2138 921 2235 ipsum
953 2141 1048 2234 quod
1075 2138 1173 2235 quasr
1206 2142 1245 2212 in
1274 2141 1393 2212 medio
1428 2138 1547 2234 Regni
1582 2138 1706 2211 Scotie
1735 2136 1895 2211 consistit
1923 2147 1963 2211 et
1996 2139 2035 2210 in
2064 2163 2135 2232 quo

683 2280 803 2377 Reges
842 2278 1051 2353 Scottorum
1089 2281 1250 2353 coronari
1288 2277 1550 2352 consueverunt
1590 2287 1630 2349 et
1667 2300 1796 2371 corpus
1835 2276 1930 2350 clare
1963 2280 2136 2350 memorie

684 2414 835 2491 Roberti
861 2414 969 2511 ipsrns
995 2416 1108 2513 Regis
1134 2419 1372 2513 progenitoris
1405 2417 1633 2489 inhumatum
1660 2412 1784 2490 existit
1808 2424 1955 2511 propter
1987 2416 2141 2488 diversas

683 2566 893 2651 magnatum
923 2568 962 2629 et
993 2557 1168 2628 nobilium
1200 2558 1285 2629 disti
1312 2556 1431 2652 Regni
1457 2556 1753 2651 congregationes
1777 2578 1849 2648 que
1873 2554 2047 2627 naaenus
2070 2556 2140 2628 sre-

682 2704 837 2788 quenter
853 2696 890 2766 in
908 2692 983 2789 ipso
1000 2691 1214 2767 monasterio
1231 2718 1297 2789 pro
1322 2694 1462 2789 magnis
1487 2701 1526 2766 et
1550 2693 1671 2765 arduis
1687 2691 1847 2787 ejusdem
1863 2695 1965 2788 regni
1983 2702 2138 2787 pertrac-

683 2834 802 2905 tandis
828 2833 982 2926 negotiis
999 2833 1092 2905 salice
1115 2834 1262 2905 suerunt
1287 2842 1327 2905 et
1351 2854 1448 2903 nunc
1472 2829 1590 2902 solent
1615 2831 1693 2903 lieri
1718 2829 1836 2903 multa
1859 2826 2074 2903 sustinuerat
2097 2840 2137 2902 et

682 2966 855 3042 sustinere
880 2969 1070 3064 oportebat
1095 2992 1204 3042 onera
1228 2966 1465 3063 expensarum
1489 2966 1558 3040 Jus
1582 2978 1794 3062 patronatus
1811 2964 1959 3041 ecclesre
1975 2969 2137 3062 parochi·

683 3108 747 3180 alis
773 3108 896 3181 SanRi
921 3107 1041 3203 Egidii
1065 3108 1110 3180 de
1135 3106 1346 3203 Edinburgh
1373 3104 1469 3179 disce
1495 3102 1644 3178 diocesrs
1671 3116 1760 3179 tunc
1784 3107 1830 3179 ad
1857 3104 1972 3202 ipsum
1998 3106 2137 3202 Regem

683 3247 867 3339 pertinens
893 3268 976 3318 eum
1001 3245 1168 3317 omnibus
1186 3246 1329 3338 juribus
1352 3256 1391 3317 et
1413 3245 1641 3339 pertinentiis
1663 3242 1736 3316 suis
1759 3244 1900 3337 prefato
1926 3240 2137 3317 monasterio

684 3406 725 3455 se
751 3383 932 3455 canonicis
957 3382 1092 3455 ibidem
1117 3384 1185 3455 deo
1202 3379 1439 3455 servientibus
1464 3391 1503 3453 et
1518 3379 1702 3454 servituris
1726 3378 1943 3454 concederat
1968 3380 2018 3451 Et
2042 3382 2138 3474 quod

684 3515 909 3613 postmodnm
936 3517 1150 3592 venerabilis
1175 3520 1286 3591 frater
1310 3516 1432 3591 noster
1457 3518 1645 3593 Walterus
1670 3517 1868 3614 Episcopus
1893 3517 2138 3592 snnRiandree

685 3658 746 3749 qui
763 3650 976 3728 concessioni
992 3654 1195 3749 hujusmodi
1211 3656 1426 3728 interfuerat
1439 3668 1477 3728 et
1490 3657 1535 3729 ad
1549 3680 1630 3729 eam
1644 3652 1748 3728 suum
1760 3658 1952 3751 prebuerat
1964 3650 2137 3729 assensum

684 3794 878 3886 prediltam
897 3788 1083 3865 ecclesiam
1109 3792 1268 3887 predisto
1294 3789 1508 3865 monasterio
1533 3796 1770 3888 conjunxerat
1790 3803 1988 3867 annexerat
2004 3802 2042 3867 et
2060 3798 2141 3867 uni-

685 3941 786 4003 verat
800 3929 879 4002 Nos
896 3924 1157 4002 concessionem
1183 3929 1472 4023 conjunttionem
1498 3932 1739 4004 annexionem
1764 3942 1804 4004 et
1829 3933 2001 4004 unionem
2018 3930 2139 4026 hujus·

685 4068 782 4141 modi
816 4069 985 4139 duximus
1019 4067 1280 4139 confirmandas
1312 4078 1421 4161 prout
1454 4070 1492 4140 in
1526 4064 1654 4140 nostris
1687 4070 1772 4141 inde
1805 4070 1975 4142 consettis
2007 4070 2138 4143 litteris

684 4205 826 4298 plenius
852 4207 1060 4277 continetur
1085 4226 1167 4276 cum
1193 4211 1317 4277 autem
1334 4201 1426 4278 srcut
1446 4206 1608 4277 exhibita
1633 4207 1736 4278 nobis
1762 4230 1827 4301 pro
1844 4219 1946 4301 parte
1963 4209 2137 4281 ditiorum

685 4342 842 4415 Abbatis
866 4354 905 4414 et
931 4342 1141 4415 Conventus
1163 4344 1293 4436 petitio
1316 4342 1526 4415 continebat
1549 4347 1667 4437 portio
1691 4344 1755 4416 xlv
1771 4368 1971 4417 marcarum
1992 4357 2138 4418 monete

685 4480 803 4575 Regni
830 4479 954 4552 Scotie
979 4476 1111 4552 usualis
1134 4476 1239 4573 super
1264 4478 1439 4555 frustibus
1466 4480 1684 4553 Redditibus
1709 4491 1748 4553 et
1774 4484 2006 4576 proventibus
2030 4480 2138 4579 ipsius

684 4616 833 4693 ecclesie
859 4642 930 4712 que
955 4643 1020 4715 per
1045 4616 1260 4713 presbiteros
1284 4617 1462 4695 seculares
1488 4625 1564 4715 regi
1592 4620 1779 4696 consuevit
1803 4648 1867 4718 pro
1893 4636 2067 4723 perpetuo
2088 4628 2139 4698 vi-

684 4761 779 4831 cario
795 4760 834 4829 in
852 4781 895 4830 eo
914 4781 997 4829 cum
1014 4760 1101 4831 unio
1127 4754 1328 4850 hujusmodi
1344 4755 1448 4831 suum
1466 4756 1591 4831 sortita
1608 4761 1701 4833 soret
1727 4759 1906 4855 effessum
1919 4759 2138 4837 instituendo
2291 4767 2296 4773 '
2448 4823 2449 4832 ,

682 4893 860 4967 reservata
881 4896 991 4969 fuerit
1007 4891 1151 4989 ipsaque
1177 4897 1294 4988 portio
1315 4895 1437 4989 juxta.
1452 4896 1644 4972 facultates
1666 4898 1847 4971 sruRuum
1876 4901 2083 4973 reddituum
2101 4914 2139 4976 et

680 5049 920 5135 proventuum
942 5039 1181 5133 predittomm
1208 5040 1297 5110 adeo
1326 5042 1440 5110 nimia
1458 5048 1496 5109 et
1514 5036 1692 5113 excessivo
1708 5038 1838 5113 existat
1864 5046 1959 5134 quod
1985 5052 2139 5120 annexio
