4917 6509
353 828 439 881 nuo.
461 826 571 879 anax.
592 827 649 877 111.
768 806 806 879 S.
832 804 1132 878 TRINITATIS
1158 803 1229 876 DE
1255 803 1401 876 SCON.
1766 813 1811 883 79

351 1140 461 1213 Bulla
477 1139 683 1249 Innocentii
701 1139 799 1235 Papa
823 1142 868 1214 de
891 1140 1114 1227 relaxatione
1137 1141 1348 1233 penitentia
1373 1139 1518 1212 illorum
1535 1144 1597 1237 qui
1622 1138 1808 1215 ecclesiam

351 1278 397 1349 de
416 1276 534 1351 Soona
551 1276 791 1351 anniversario
808 1278 1044 1351 dedicationis
1061 1276 1139 1369 ejus
1156 1270 1357 1349 visitarunt.

258 1558 329 1625 114
357 1528 601 1625 Innocentius
619 1550 817 1649 Episcopus
833 1550 955 1623 servus
973 1550 1154 1623 servorum
1178 1551 1237 1622 dei
1256 1552 1396 1624 dilectis
1413 1553 1496 1625 liliis
1513 1552 1653 1627 Abbati
1670 1565 1709 1629 et
1726 1580 1810 1628 oon·

353 1693 479 1765 ventui
497 1692 542 1763 de
555 1690 677 1775 Scona
693 1692 827 1762 ordinis
841 1689 966 1763 Sant'ci
978 1685 1175 1784 Augustini
1190 1687 1314 1760 Sanffl
1327 1688 1478 1763 Andree
1495 1688 1645 1764 diocesis
1657 1691 1810 1767 blatern

352 1838 392 1903 et
408 1826 641 1924 apostolicam
657 1830 948 1901 benedictionem
967 1827 1073 1900 Licet
1089 1827 1158 1897 hiis
1176 1827 1221 1898 de
1239 1828 1341 1898 cidus
1362 1838 1513 1901 munere
1530 1833 1630 1903 venit
1647 1842 1690 1902 ut
1707 1827 1772 1904 fibi
1789 1857 1812 1905 a

351 1966 519 2039 fidelibus
535 1964 607 2038 suis
625 1968 733 2061 digne
758 1990 800 2037 ac
822 1964 1054 2038 laudabiliter
1067 1960 1241 2036 serviatur
1257 1967 1303 2037 de
1319 1965 1571 2039 habundancia
1587 1970 1733 2063 pietatis
1749 1968 1811 2042 sue
1871 2052 1875 2059 .

353 2128 426 2198 que
443 2104 573 2176 merita
583 2100 784 2197 supplicum
801 2103 946 2175 excedit
965 2112 1003 2175 et
1017 2110 1102 2174 vota
1118 2102 1212 2173 bene
1225 2097 1463 2173 servientibus
1480 2104 1598 2175 multa
1606 2106 1743 2177 maiora
1758 2132 1813 2179 re-

352 2243 490 2315 tribuat
507 2264 616 2335 quam
634 2241 779 2313 valeant
800 2244 996 2337 promereri
1021 2238 1278 2313 nichilominus
1303 2248 1428 2311 tamen
1453 2235 1699 2317 desiderantes
1716 2243 1812 2316 Red-

353 2382 438 2453 dere
454 2380 602 2451 domino
618 2380 794 2474 populum
812 2379 1072 2473 acceptabilem
1088 2373 1218 2448 fideles
1238 2372 1371 2448 Christi
1394 2377 1439 2449 ad
1457 2375 1756 2472 complacendum
1778 2386 1811 2453 ei

352 2512 451 2612 quali
468 2514 680 2611 quibusdam
707 2516 874 2588 illet'civis
890 2517 1037 2609 premiis
1054 2514 1291 2609 indulgentiis
1308 2514 1479 2586 videlicet
1495 2524 1535 2586 et
1551 2512 1813 2591 remissionibus

351 2656 549 2728 invitamus
566 2663 610 2726 ut
627 2654 828 2725 reddantur
850 2652 983 2725 exinde
1000 2652 1122 2723 divine
1148 2652 1269 2748 gracie
1285 2653 1443 2745 aptiores
1484 2651 1684 2747 Cupientes
1701 2657 1813 2751 igitur

353 2802 396 2866 ut
413 2787 564 2866 ecclelia
580 2788 698 2864 vestra
720 2792 759 2861 in
782 2791 919 2863 honore
937 2788 1071 2863 Sanno
1086 2788 1275 2861 Trinitatis
1292 2798 1331 2860 et
1349 2787 1473 2861 Sandui
1491 2789 1685 2864 Michaelis
1705 2805 1814 2887 prout

354 2928 517 3004 asseritur
534 2930 701 3001 dedicata
717 2930 884 3023 congruis
909 2928 1105 3000 honoribus
1121 2926 1398 3019 frequentetur·
1416 2924 1595 2999 Omnibus
1613 2949 1698 3001 vere
1713 2934 1814 3023 peni-

354 3070 518 3141 tentibus
535 3074 574 3139 et
592 3060 756 3138 consoffis
773 3067 833 3159 qui
853 3059 1040 3137 ecclesram
1060 3061 1173 3159 ipsam
1190 3066 1228 3133 iu
1245 3061 1484 3135 anniversario
1502 3064 1561 3136 die
1578 3065 1814 3139 dedicationis

354 3200 464 3299 ipsrus
489 3205 592 3275 annis
615 3197 763 3297 singulis
789 3200 1044 3274 venerabiliter
1068 3195 1249 3283 visitarint
1273 3202 1563 3294 ·omnipotentis
1591 3203 1650 3274 dei
1680 3200 1815 3277 miseri·

355 3342 477 3415 cordia
501 3350 540 3413 et
565 3340 754 3413 beatorum
776 3341 871 3433 petri
897 3348 935 3411 et
965 3338 1062 3433 pauli
1089 3334 1331 3432 apostolorum
1357 3339 1436 3430 ejus
1457 3339 1675 3412 auctoritate
1691 3337 1815 3413 coniisr

354 3479 404 3551 xl.
433 3479 510 3551 dies
540 3478 586 3550 de
616 3477 777 3570 injunsca
806 3472 872 3547 fibi
902 3476 1106 3571 penitentia
1133 3472 1412 3547 misericorditer
1440 3474 1645 3548 relaxamus
1676 3476 1814 3549 Datum

355 3612 496 3689 laterali
513 3616 550 3709 iij
569 3612 654 3685 nob.
673 3614 878 3685 novembris
895 3612 1129 3706 pontificatus
1145 3608 1258 3683 nostri
1275 3612 1478 3684 undecimo.

346 3882 593 3985 ,Confirmatio
612 3881 805 3956 Willielmi
823 3878 979 3976 episcopi
998 3880 1121 3955 Sanffl
1139 3879 1289 3952 Andree
1307 3882 1352 3953 de
1369 3880 1538 3955 ecclesiis.

266 4168 333 4235 115
362 4137 563 4235 Universa
581 4154 715 4230 consti
732 4156 898 4229 fidelibus
914 4157 983 4229 hoc
1001 4154 1173 4250 scriptum
1190 4154 1317 4228 suurn
1334 4156 1394 4229 vel
1410 4157 1588 4230 aucturis
1606 4158 1817 4235 willermus

358 4295 587 4371 miseratione
611 4296 733 4367 divina
750 4292 947 4389 Episcopus
973 4293 1097 4366 Santti
1114 4292 1264 4365 Andree
1289 4290 1442 4367 salutem
1463 4295 1501 4364 in
1518 4295 1665 4368 domino
1689 4294 1818 4393 sempi-

360 4446 502 4509 ternam
527 4476 536 4493 ·
560 4428 787 4506 universitati
813 4441 943 4504 notum
973 4432 1124 4504 sacimrn
1153 4431 1252 4524 quod
1280 4453 1347 4503 nos
1374 4428 1509 4503 statum
1538 4430 1744 4529 monasterij
1772 4437 1817 4509 de

360 4572 480 4647 Scona
504 4596 552 4645 ex
579 4570 800 4643 confluentio
823 4566 1005 4663 hospitum
1031 4576 1161 4662 utpote
1185 4569 1225 4639 in
1247 4568 1452 4641 meditullio
1483 4568 1602 4666 Regni
1627 4569 1686 4645 srti
1715 4571 1819 4647 mise·

360 4712 522 4785 rabiliter
544 4708 665 4783 afflici
686 4717 725 4781 et
748 4709 859 4781 etiam
876 4730 924 4779 ex
940 4702 1142 4801 sumptibus
1166 4706 1301 4779 fabrice
1326 4701 1477 4781 ecclesie
1495 4705 1656 4801 ejusdem
1677 4720 1716 4781 et
1738 4710 1819 4783 aliis

361 4843 475 4923 causis
498 4870 608 4942 qnam
633 4846 795 4941 pluribus
821 4840 920 4937 quasi
945 4844 991 4917 ud
1016 4843 1304 4917 exinanitionem
1329 4844 1475 4917 dedutti
1500 4848 1763 4939 compatientes
1780 4859 1819 4921 et
