4917 6509
338 914 424 966 auo.
444 913 556 966 anax.
575 914 616 965 11.
753 892 789 965 S.
816 891 1116 967 'l'RINITATIS
1141 892 1211 965 DE
1238 893 1384 968 SCON.
1746 906 1789 970 51

336 1092 423 1165 tulit
439 1116 505 1188 per
521 1102 658 1165 emtam
684 1090 775 1166 fiout
791 1094 829 1164 in
848 1094 973 1166 eadem
991 1100 1091 1165 ouria
1106 1089 1215 1187 ipfius
1230 1092 1410 1167 Willelmi
1426 1095 1569 1189 plenius
1586 1100 1793 1171 continetur

337 1229 388 1302 Et
404 1226 496 1303 siout
523 1240 624 1303 curta
645 1231 740 1304 alani
756 1230 821 1324 filij
843 1231 981 1304 rolandi
1009 1231 1188 1324 quondam
1215 1228 1467 1327 constabularij
1486 1233 1610 1307 Scotie
1630 1237 1790 1329 proditio

338 1366 529 1442 Willelmo
562 1371 647 1441 inde
680 1370 823 1463 plenius
857 1372 1020 1444 confatio
1049 1370 1167 1442 eidem
1195 1367 1386 1441 Willelmo
1413 1372 1569 1444 faciendi
1601 1369 1792 1469 affignatos

335 1507 533 1602 plenariam
555 1508 711 1581 eontulit
732 1504 947 1603 potestatem
994 1504 1239 1580 Conoeffimus
1255 1508 1367 1580 etium
1383 1517 1422 1579 et
1439 1511 1691 1584 confirmamus
1708 1536 1792 1583 oon·

337 1640 529 1719 oeffionem
542 1655 583 1719 et
594 1646 903 1719 confirmationem
920 1645 1020 1719 illam
1037 1668 1145 1740 quam
1162 1645 1279 1717 diibus
1292 1643 1457 1740 Rogemo
1474 1649 1519 1720 de
1533 1649 1687 1732 Queinoi
1704 1651 1792 1723 feeit

337 1785 440 1855 dietis
457 1782 596 1857 Abbati
614 1794 653 1858 et
669 1785 865 1857 conventui
882 1785 928 1856 de
946 1783 1066 1856 Soona
1082 1784 1128 1855 de
1145 1784 1340 1856 donatione
1367 1784 1526 1858 eiusdem
1545 1785 1724 1860 Willelmi
1746 1793 1792 1861 de

337 1921 416 1993 Len
434 1946 543 2015 quam
561 1923 648 1995 feeit
664 1920 798 1996 eisdem
815 1922 954 1995 Abbati
972 1930 1010 1994 et
1028 1924 1224 1995 couventui
1242 1946 1307 2015 per
1322 1930 1459 1995 cartam
1471 1920 1572 1995 suam
1584 1921 1691 2019 super
1707 1950 1793 2019 qua·

336 2062 420 2133 dam
444 2070 540 2134 terra
555 2084 626 2155 que
642 2063 713 2134 fuit
729 2064 775 2133 de
791 2061 938 2134 baronia
964 2063 1076 2159 patris
1093 2056 1202 2153 ipfiue
1218 2063 1335 2156 rogeri
1362 2062 1457 2134 infra
1477 2063 1614 2134 ditium
1639 2065 1793 2161 burgum

338 2200 385 2271 de
403 2200 515 2272 Parth
531 2223 603 2293 que
618 2198 755 2273 soilioet
772 2209 869 2272 terra
885 2202 980 2272 iacet
996 2201 1093 2273 inter
1116 2208 1250 2271 terrem
1267 2222 1338 2292 qne
1354 2200 1425 2272 fuit
1441 2203 1623 2295 quondam
1641 2202 1791 2277 Henrioi

338 2336 434 2410 baldi
448 2347 487 2410 et
499 2347 632 2411 terram
645 2361 717 2431 que
728 2339 799 2411 fuit
811 2338 1003 2433 galeatoris
1038 2336 1304 2431 Quamquidem
1322 2348 1455 2411 terram
1469 2341 1566 2411 idem
1583 2339 1794 2413 Willelmus

339 2476 384 2548 de
401 2476 495 2548 dioto
512 2476 656 2573 Rogero
680 2479 725 2549 de
741 2476 897 2570 Queinej
914 2479 1036 2549 tenuit
1062 2497 1127 2568 per
1152 2484 1289 2549 cartam
1337 2475 1526 2550 Teneudae
1547 2488 1586 2551 et
1611 2479 1794 2553 habendas

339 2614 472 2687 eisdem
489 2615 628 2688 Abbati
654 2624 692 2688 et
720 2617 916 2687 conventui
946 2616 991 2686 de
1017 2612 1135 2686 Seona
1162 2624 1201 2685 et
1228 2614 1324 2687 dieto
1341 2615 1485 2712 Rogero
1511 2617 1557 2689 de
1574 2616 1728 2702 Queinei
1755 2630 1793 2690 et

339 2753 530 2826 heredibus
560 2752 632 2825 suis
658 2755 697 2825 in
723 2763 941 2848 perpetuum
967 2751 1027 2825 Ita
1053 2751 1166 2825 libere
1196 2756 1320 2846 quiete
1347 2753 1507 2847 plenarie
1522 2736 1573 2828 ’et
1597 2756 1794 2829 honorifice

339 2886 430 2962 fiout
458 2891 747 2965 confirmationes
778 2891 937 2964 eiusdem
960 2890 1095 2986 Rogeri
1125 2899 1164 2962 et
1194 2901 1294 2963 carte
1323 2892 1409 2964 diui
1432 2893 1613 2966 Willelmi
1641 2896 1687 2967 de
1716 2896 1793 2967 Len

340 3027 474 3102 eisdem
503 3022 684 3102 canonicis
719 3031 765 3101 de
797 3030 966 3129 predidoie
992 3030 1097 3101 terris
1127 3028 1270 3120 plenius
1298 3029 1460 3102 consede
1486 3028 1585 3123 juste
1618 3028 1796 3104 testantur

340 3166 660 3239 consuetudinibus
686 3168 881 3263 burgorum
905 3170 1005 3262 regni
1034 3161 1143 3238 nostri
1168 3174 1208 3236 et
1233 3168 1331 3260 regio
1354 3168 1393 3237 in
1413 3168 1581 3239 omnibus
1597 3170 1674 3241 iure
1690 3168 1795 3241 salvis

338 3301 505 3377 Testibue
523 3304 691 3379 Waltero
708 3304 841 3378 Oumin
859 3306 992 3377 comite
1008 3306 1054 3377 de
1071 3303 1246 3376 Menteth
1261 3303 1286 3375 J
1288 3304 1429 3377 ohanne
1446 3306 1492 3377 de
1508 3304 1663 3377 Ballioio
1676 3305 1795 3379 David

340 3446 386 3515 de
398 3441 576 3538 Lindesay
586 3440 786 3515 Justitiario
799 3442 985 3515 Laudonie
997 3442 1158 3515 Roberto
1168 3442 1214 3512 de
1225 3440 1399 3535 Meynere
1409 3440 1595 3515 Bernardo
1605 3446 1652 3516 de
1663 3444 1795 3540 Rippel

342 3582 452 3677 Apud
471 3579 683 3676 Edinburgh
700 3583 768 3675 xij⁰
784 3581 843 3652 die
857 3580 1074 3653 Novembris
1091 3602 1185 3651 anno
1202 3580 1304 3675 regni
1321 3580 1457 3651 domini
1474 3583 1569 3675 regio
1584 3584 1712 3678 xxxija

342 3860 451 3931 Carta
468 3860 685 3931 venditionis
702 3857 772 3929 looi
789 3857 873 3927 tosti
891 3856 1055 3929 inundati
1073 3878 1138 3949 per
1154 3856 1363 3927 violentiam
1382 3858 1539 3929 fluminis
1556 3860 1602 3930 de
1617 3860 1727 3954 They.

272 4152 317 4217 82
344 4112 477 4208 Sciant
494 4129 649 4205 universi
668 4129 812 4226 presens
831 4129 1004 4225 seriptum
1023 4128 1128 4201 visuri
1146 4128 1203 4202 vel
1221 4131 1380 4201 audituri
1396 4133 1492 4223 quod
1509 4156 1604 4205 anno
1621 4136 1667 4205 ab
1683 4136 1797 4205 iucar-

341 4276 488 4346 natione
506 4272 642 4343 domini
659 4272 719 4352 (ὈΟ
735 4280 793 4341 oo⁰
813 4271 893 4339 xix⁰
910 4267 1029 4363 Regni
1047 4269 1141 4363 regis
1166 4266 1369 4340 Alexandri
1390 4265 1536 4341 secundi
1553 4283 1592 4338 v⁰
1611 4270 1796 4344 Johanuos

341 4413 492 4511 ylbaren
509 4410 555 4482 de
572 4407 685 4480 Perth
703 4407 866 4480 vendidit
882 4407 1063 4478 eanoniois
1079 4406 1125 4476 de
1143 4404 1263 4477 Soona
1287 4404 1408 4478 looum
1425 4408 1509 4479 tofti
1526 4431 1635 4502 quem
1661 4412 1796 4484 habue-

340 4560 423 4623 rant
448 4558 643 4643 antequam
666 4546 854 4618 inundatio
879 4544 1036 4616 fluminis
1061 4566 1126 4639 per
1142 4544 1352 4617 violentiam
1377 4568 1461 4617 eum
1492 4546 1733 4642 asportaverat
1754 4555 1792 4621 in

343 4686 486 4763 australi
502 4696 605 4781 parte
621 4674 742 4780 pontis
768 4685 922 4778 proximi
938 4684 977 4754 in
995 4683 1133 4755 oriente
1149 4680 1270 4755 versus
1287 4682 1423 4755 flumen
1442 4684 1487 4756 de
1503 4684 1605 4780 They
1621 4690 1659 4759 in
1676 4692 1794 4780 capiti·

343 4827 480 4900 seilicet
497 4827 610 4897 totius
627 4824 697 4895 rici
714 4822 910 4896 habentem
927 4822 965 4892 in
982 4821 1207 4916 longitudine
1224 4820 1290 4892 lxx
1302 4822 1412 4915 pedes
1425 4832 1465 4893 et
1482 4825 1519 4893 in
1533 4824 1727 4895 latitudine
1743 4850 1794 4896 xx

344 4966 395 5037 Et
411 4966 479 5037 hoo
497 4964 584 5035 feeit
600 4962 695 5033 idern
713 4960 737 5032 J
740 4961 898 5032 ohannes
915 4962 1000 5052 quia
1020 4982 1093 5030 non
1115 4961 1236 5052 potuit
1255 4960 1433 5051 prefatum
1451 4961 1585 5031 toftum
1603 4984 1667 5054 pre
1684 4965 1796 5035 nimia

347 5103 593 5201 profunditate
622 5122 715 5194 aque
745 5100 783 5171 in
814 5094 1002 5191 pristinum
1028 5093 1161 5171 statum
1195 5096 1355 5169 relevare
1405 5097 1532 5168 Potuit
1561 5101 1670 5171 etiam
1698 5102 1794 5173 idem
