4917 6509
612 783 656 855 68
1128 776 1285 849 LIBER
1311 776 1562 851 ECCLESIE
1685 856 1690 869 ¹
1888 798 1964 849 suc.
1984 797 2072 848 xur.

610 980 712 1051 vobis
737 980 885 1052 elericos
904 980 961 1050 vel
980 979 1089 1050 laicos
1106 978 1238 1049 liberos
1255 986 1294 1049 et
1311 975 1494 1050 absolutos
1519 999 1539 1048 e
1565 974 1686 1049 seculo
1711 976 1894 1070 fugientes
1918 977 1965 1048 ad
1990 1000 2075 1049 con·

611 1114 809 1189 versionem
826 1120 985 1211 recipere
1011 1140 1052 1188 ac
1079 1139 1140 1187 eos
1165 1114 1300 1209 absque
1326 1116 1610 1187 contmdittione
1635 1116 1757 1207 aliqua
1780 1114 1938 1186 retinere
1989 1114 2076 1185 Pro-

611 1256 776 1326 hibemus
793 1253 937 1347 iulirper
954 1262 996 1323 ut
1014 1253 1105 1324 nulli
1131 1254 1284 1325 fratrum
1310 1249 1509 1325 vestrorum
1533 1250 1613 1345 post
1638 1253 1770 1323 fatiam
1795 1253 1833 1323 in
1859 1249 2075 1324 monasterio

613 1388 728 1463 restro
754 1388 1004 1486 professionem
1023 1391 1076 1463 fas
1093 1387 1138 1461 srt
1155 1385 1231 1461 fine
1256 1391 1397 1463 abbatis
1421 1386 1475 1461 sui
1500 1389 1653 1462 licencia
1678 1391 1724 1462 de
1749 1390 1878 1461 eodem
1904 1390 1984 1461 looo
2009 1386 2076 1461 nili

613 1530 756 1602 arcioris
774 1530 956 1624 religionis
973 1529 1128 1599 obtentu
1142 1525 1324 1599 discedere
1375 1526 1633 1601 Discedentem
1648 1550 1734 1599 vero
1746 1524 1879 1621 absque
1892 1529 2077 1598 communi

615 1668 818 1748 litterarum
852 1662 1047 1736 vestrarum
1082 1666 1252 1735 cautione
1286 1663 1408 1735 nullus
1442 1666 1575 1737 audeat
1609 1666 1766 1735 retinere
1840 1664 2078 1735 Prohibemus

615 1804 758 1897 insuper
775 1813 817 1874 ut
834 1804 927 1874 infra
943 1802 1033 1873 fines
1057 1802 1224 1895 parochie
1243 1800 1359 1873 vestre
1376 1801 1499 1873 nullus
1518 1797 1595 1874 fine
1611 1798 1748 1873 offensu
1774 1798 1962 1897 dyocesani
1987 1800 2078 1896 epis·

616 1944 695 2037 copi
714 1951 752 2013 et
770 1939 887 2012 vestro
904 1940 1079 2034 capellam
1096 1937 1158 2011 seu
1178 1941 1375 2011 oratorium
1400 1936 1619 2011 constituere
1644 1940 1778 2011 audeat
1828 1938 1946 2011 Salvis
1970 1940 2079 2034 privi-

616 2082 719 2176 legiis
737 2080 948 2173 pontificum
968 2077 1214 2149 Romanorum
1266 2076 1500 2171 Sepulturam
1525 2099 1669 2170 quoque
1694 2072 1804 2171 ipsius
1830 2076 1900 2149 loci
1926 2077 2077 2149 liberam

617 2214 687 2289 else
710 2218 936 2289 decernimus
962 2224 1153 2286 uteorum
1180 2215 1365 2286 devotioni
1392 2225 1431 2286 et
1453 2224 1619 2287 extreme
1646 2214 1827 2286 voluntati
1853 2215 1916 2307 qni
1942 2213 1979 2286 se
2004 2214 2079 2286 illic

617 2355 758 2450 sepeliri
799 2334 1080 2426 deliberaderint
1119 2349 1184 2423 nisr
1218 2353 1314 2424 forte
1348 2353 1654 2424 excommunicati
1689 2350 1748 2423 vel
1791 2352 1974 2423 interditti
2007 2348 2079 2423 srut

617 2493 738 2564 nullus
755 2486 901 2563 obsistat
952 2490 1061 2563 Salva
1078 2500 1201 2562 tamen
1213 2488 1360 2584 justicia
1376 2489 1520 2562 illarum
1537 2485 1768 2562 ecclesiarum
1794 2514 1816 2561 a
1838 2491 1969 2583 quibus
1984 2513 2080 2561 mor·

618 2642 764 2701 tuorum
793 2652 940 2722 corpora
967 2624 1193 2699 assumuntur
1256 2627 1426 2699 Decimae
1452 2636 1618 2721 preterea
1642 2638 1680 2699 et
1706 2624 1931 2722 possesiones
1956 2627 2080 2721 adjus

618 2764 847 2840 ecclesiarum
876 2764 1072 2837 vestrarum
1106 2764 1308 2858 spettantes
1342 2789 1413 2858 que
1446 2788 1470 2836 a
1502 2764 1602 2837 laicis
1636 2767 1847 2838 detinentur
1879 2766 2080 2838 redimendi

619 2918 657 2978 et
681 2906 863 3001 legittime
886 2903 1061 2975 liberandi
1087 2904 1132 2974 de
1158 2904 1324 2975 manibus
1349 2926 1474 2974 eorum
1502 2912 1541 2973 et
1567 2904 1614 2975 ad
1638 2876 1805 2975 ecclesias
1822 2904 1975 2996 adquae
2000 2926 2081 2998 per⁴

619 3046 738 3115 tinent
755 3043 946 3115 revocandi
965 3041 1078 3113 libera
1095 3039 1139 3112 srt
1153 3042 1255 3113 vobis
1272 3043 1317 3113 de
1334 3004 1455 3112 nostra
1471 3042 1685 3113 austeritate
1702 3042 1857 3113 facultas
1908 3040 2080 3113 Obeunte

618 3204 703 3254 vero
737 3190 775 3253 te
809 3204 906 3253 nunc
937 3178 1095 3273 ejusdem
1126 3180 1195 3251 loci
1224 3180 1357 3251 abbate
1387 3180 1445 3251 vel
1475 3188 1621 3251 tuorum
1651 3180 1815 3274 quolibet
1844 3175 2079 3253 successorum

618 3319 740 3390 nullus
769 3318 820 3388 ibi
847 3315 1009 3409 qualibet
1043 3312 1274 3409 surreptionis
1308 3312 1442 3389 astucia
1474 3316 1536 3388 seu
1564 3317 1737 3390 violentia
1765 3328 1986 3413 preponatur
2014 3313 2080 3389 nifi

619 3478 727 3547 quem
753 3454 882 3524 fratrea
908 3454 1091 3523 communi
1117 3448 1288 3524 consensu
1315 3454 1373 3525 vel
1400 3454 1553 3526 fratrum
1582 3477 1664 3547 pars
1693 3456 1838 3549 majoris
1867 3465 1906 3527 et
1935 3454 2082 3528 sanioris
2201 3442 2208 3449 ⁸

620 3588 755 3684 confilij
791 3588 986 3663 secundum
1018 3590 1126 3659 deum
1152 3598 1191 3659 et
1217 3590 1316 3661 beati
1349 3588 1546 3685 Augustini
1575 3591 1737 3687 regulam
1766 3593 1989 3685 providerint
2017 3593 2082 3663 eli·

619 3729 780 3825 gendum
836 3726 922 3797 Paci
956 3747 1100 3838 quoque
1131 3734 1169 3797 et
1203 3727 1460 3819 tranquillitati
1495 3725 1611 3799 vestre
1644 3737 1796 3821 paterna
1827 3731 1866 3799 in
1900 3725 2082 3822 posterum

620 3865 861 3939 sollicitudine
890 3864 1078 3957 providere
1108 3862 1274 3935 volentes
1303 3866 1519 3938 auctoritate
1548 3860 1742 3958 apostolica
1773 3866 2006 3961 prohibemus
2039 3876 2082 3937 ut

621 4006 713 4076 infra
739 4001 919 4075 clausuras
942 4002 1102 4073 locorum
1128 4000 1189 4073 seu
1214 4004 1443 4097 grangiarum
1470 3999 1667 4075 vestrarum
1692 4002 1815 4074 nullus
1840 4004 2002 4098 rapinam
2019 3978 2100 4077 seu·

622 4144 759 4213 frrrtum
787 4142 905 4213 facere
939 4140 1061 4235 ignem
1098 4162 1279 4233 apponere
1305 4138 1514 4237 sanguinem
1543 4140 1693 4211 fundere
1727 4140 1910 4213 hominem
1944 4149 2083 4213 temere

623 4302 750 4373 capere
769 4278 824 4349 vel
852 4276 1056 4349 interficere
1074 4274 1136 4348 seu
1155 4276 1365 4348 violentiam
1390 4278 1524 4349 audeat
1548 4300 1718 4349 exercere
1769 4275 1942 4350 Preterea
1957 4301 2083 4350 omnes

625 4416 811 4487 libertates
829 4424 867 4485 et
884 4415 1134 4485 immunitates
1151 4438 1173 4485 a
1189 4410 1492 4507 predecessoribus
1508 4410 1636 4485 nostris
1654 4414 1829 4486 Romanis
1853 4415 2084 4508 pontificibus

624 4547 774 4624 ecclesie
798 4548 914 4622 vestre
943 4545 1120 4622 concessas
1149 4574 1292 4623 necnon
1318 4551 1506 4623 libertates
1530 4560 1570 4623 et
1596 4552 1846 4645 exemptiones
1871 4549 2083 4624 secularium

626 4690 854 4763 exattionum
867 4712 890 4759 a
900 4688 1061 4781 Regibus
1074 4696 1112 4758 et
1125 4689 1345 4782 principibus
1359 4688 1416 4759 vel
1430 4689 1509 4761 aliis
1526 4688 1693 4760 fidelibus
1709 4689 1972 4762 rationabiliter
1982 4689 2083 4759 vobis

626 4826 786 4899 indultas
803 4827 1018 4898 auttoritate
1034 4821 1227 4919 apostolica
1244 4825 1497 4898 confirmamus
1515 4833 1553 4897 et
1570 4822 1745 4921 presentis
1757 4824 1879 4919 scripti
1897 4814 2083 4921 privilegio

627 4966 892 5037 communimus
923 4963 1162 5037 Decernimus
1175 4986 1261 5059 ergo
1272 4971 1314 5034 ut
1324 4962 1416 5035 nulli
1430 4966 1578 5036 omuino
1588 4965 1776 5036 hominum
1786 4964 1895 5037 liceat
1904 4966 2085 5058 prefatum
