4917 6509
337 786 554 840 renonem
574 788 615 839 ιι.
751 769 789 843 S.
815 768 1113 843 TRINITA'I'IS
1141 769 1210 843 DE
1238 770 1386 850 SCON.
1745 785 1791 849 55

331 989 404 1037 non
431 965 485 1040 est
509 971 735 1041 autenticum
761 969 1045 1063 adpetitionem
1070 994 1189 1045 meam
1214 969 1370 1069 sigillum
1395 996 1588 1047 commune
1613 977 1718 1072 burgi
1744 978 1790 1049 de

331 1104 444 1176 Perth
462 1103 515 1177 est
532 1103 733 1203 appositum
785 1106 868 1180 Hiis
885 1104 1036 1181 testibus
1054 1108 1222 1182 Waltero
1245 1112 1292 1183 de
1310 1110 1488 1184 Neuthon
1507 1122 1546 1185 et
1564 1112 1726 1187 Henrieo
1743 1116 1791 1188 de

331 1242 503 1339 Abirnyt⁶
520 1244 697 1318 militibus
714 1244 879 1317 Gelfrido
903 1248 948 1317 de
966 1246 1078 1317 Perth
1105 1246 1235 1319 olerieo
1253 1249 1387 1320 domini
1408 1250 1519 1346 Regis
1537 1251 1697 1324 Henrieo
1715 1254 1789 1324 filio

332 1381 487 1454 Galfridi
500 1379 678 1478 preposito
692 1384 737 1455 de
752 1383 864 1455 Perth
876 1385 1031 1457 Ricardo
1044 1384 1089 1455 de
1100 1381 1285 1479 Laieestyr
1294 1386 1319 1457 J
1320 1388 1462 1460 ohanne
1471 1389 1546 1460 filio
1558 1389 1660 1463 Irene
1671 1390 1790 1465 David
1897 1447 1900 1455 ,

220 1532 223 1539 '
329 1518 423 1614 Jape
449 1521 639 1594 Willelmo
665 1524 711 1593 de
736 1521 871 1594 Dunde
899 1522 1037 1595 Jeeobo
1062 1520 1137 1593 filio
1161 1522 1290 1595 Jacobi
1315 1524 1379 1619 filij
1405 1526 1571 1599 hudredi
1597 1528 1788 1603 Willelmo

331 1656 424 1751 Sper
440 1658 596 1733 Rieardo
614 1659 659 1732 de
677 1659 805 1733 Lenua
821 1668 860 1731 et
877 1659 1002 1733 multis
1019 1660 1109 1731 aliis.

330 1934 441 2007 Curta
457 1933 619 2009 Orabille
637 1935 710 2032 Say
727 1938 771 2009 de
789 1937 983 2009 donatione
1000 1934 1117 2008 suain
1134 1938 1316 2011 territorio
1333 1924 1380 2011 'de
1397 1938 1621 2034 Kyntulaeh.

257 2218 305 2290 87
329 2187 521 2285 Omnibus
545 2212 613 2283 hoa
636 2209 808 2305 seriptum
834 2209 957 2283 visuris
983 2210 1041 2283 vel
1067 2212 1245 2285 audituris
1295 2212 1458 2287 Orabilla
1481 2213 1579 2289 soror
1607 2228 1646 2289 et
1676 2220 1781 2293 heres

328 2350 463 2421 domini
480 2346 647 2443 Hugonis
665 2348 739 2442 Say
755 2372 848 2420 uxor
863 2350 1046 2442 quondam
1064 2348 1257 2445 Reginuldi
1282 2353 1329 2425 de
1346 2351 1548 2426 Warennia
1564 2364 1729 2429 eternam
1748 2362 1786 2429 in

328 2488 472 2557 domino
489 2483 642 2557 salutem
694 2482 850 2558 Noverit
864 2481 1074 2559 nniverlitas
1087 2484 1205 2561 vestra
1217 2491 1329 2561 mein
1346 2490 1442 2563 bona
1453 2492 1689 2586 prosperitate
1705 2517 1788 2569 mea

329 2636 366 2697 et
383 2627 421 2696 in
438 2624 551 2695 libera
567 2623 745 2695 viduitate
762 2620 996 2697 constitutam
1014 2622 1146 2697 dedilse
1163 2622 1365 2699 eoneeffiffe
1377 2637 1415 2699 et
1427 2630 1497 2701 hae
1512 2630 1670 2723 presenti
1687 2644 1788 2706 carta

327 2786 409 2835 mes
424 2758 644 2837 oonfirmaffe
661 2784 725 2854 pro
742 2758 857 2835 salute
882 2763 1025 2835 animee
1049 2786 1130 2835 mee
1156 2773 1195 2837 et
1219 2763 1481 2838 antecellomm
1498 2776 1536 2839 et
1552 2766 1787 2843 sueeess‘omm

327 2922 490 2971 meorum
508 2898 588 2973 Deo
615 2908 654 2971 et
679 2895 827 2971 eoeleste
845 2898 977 2973 Sanse
994 2899 1181 2975 Trinitatis
1208 2911 1247 2973 et
1272 2901 1396 2976 Sensi
1414 2904 1608 2979 Michaelis
1625 2910 1671 2981 de
1688 2908 1786 2981 Seon

323 3048 362 3111 et
377 3039 500 3111 abbati
525 3046 565 3109 et
589 3038 769 3111 eanonieis
790 3037 925 3109 ibidem
943 3037 1023 3109 Deo
1048 3036 1286 3111 servientibus
1311 3050 1351 3112 et
1375 3042 1414 3111 in
1439 3052 1658 3136 perpetuum
1674 3044 1783 3117 servi·

324 3178 416 3249 turis
432 3198 546 3247 unum
562 3175 697 3245 toftum
714 3184 753 3246 et
770 3175 925 3269 eroftum
950 3176 1151 3269 plenarium
1177 3186 1216 3248 et
1242 3179 1425 3273 integrum
1441 3180 1480 3250 in
1498 3182 1679 3253 territorio
1698 3184 1784 3257 ville

323 3315 369 3385 de
396 3308 611 3406 Kyntulueh
639 3310 704 3383 illa
731 3308 868 3385 seilieet
898 3335 968 3406 que
1003 3313 1048 3385 de
1082 3313 1176 3385 diuo
1205 3313 1365 3409 Hugone
1393 3315 1468 3409 Say
1494 3319 1676 3409 quondam
1702 3330 1783 3393 ten·

326 3459 460 3525 uerunt
490 3458 529 3523 et
553 3459 629 3523 tres
658 3472 758 3525 aeras
791 3459 887 3521 terre
917 3452 956 3521 in
985 3452 1125 3544 prelato
1147 3452 1335 3549 territorio
1365 3453 1411 3524 de
1432 3451 1647 3547 Kyntulaelr
1675 3481 1785 3529 unam

326 3586 461 3661 scilieet
485 3610 604 3661 aeram
629 3610 700 3681 que
719 3590 820 3682 jaeet
839 3588 949 3681 juxta
973 3587 1074 3660 illam
1098 3611 1218 3661 aerem
1245 3599 1357 3682 quam
1383 3592 1483 3685 prius
1511 3602 1709 3667 tenuerunt
1739 3597 1785 3667 de

326 3741 465 3835 prefato
489 3737 648 3834 Hugone
672 3738 746 3834 Say
769 3738 881 3811 fratre
901 3762 983 3811 meo
1008 3734 1145 3811 seilicet
1173 3760 1222 3811 ex
1252 3740 1467 3812 oooidentali
1497 3750 1600 3836 parte
1630 3755 1670 3815 et
1696 3745 1784 3818 alies

327 3879 413 3951 duas
447 3900 546 3950 aeras
575 3899 646 3970 que
673 3878 799 3971 jacent
829 3900 875 3948 ex
906 3878 1072 3949 orientali
1106 3884 1209 3971 parte
1236 3876 1295 3948 vie
1323 3878 1551 3971 procedentis
1581 3880 1627 3952 de
1656 3874 1784 3953 eadem

327 4015 414 4107 ville
430 4013 550 4087 versus
575 4014 822 4087 molendinum
875 4010 1035 4087 Tenend.
1053 4024 1091 4087 et
1108 4009 1261 4087 habend.
1278 4010 1345 4086 libi
1368 4024 1407 4085 et
1435 4012 1687 4090 suecessoribus
1712 4018 1783 4091 suis

326 4155 363 4225 in
390 4163 606 4248 perpetuum
637 4155 682 4224 de
709 4176 769 4224 me
796 4162 835 4226 et
862 4154 1056 4227 heredibus
1079 4154 1170 4223 meis
1195 4152 1233 4222 in
1259 4146 1410 4224 liberam
1438 4175 1566 4245 puram
1593 4164 1632 4224 et
1657 4177 1783 4250 perpe·

326 4301 427 4363 tuam
456 4288 688 4365 elemolinam
718 4313 802 4362 eum
825 4288 932 4387 justis
966 4288 1195 4386 pertinentiis
1224 4284 1265 4377 'et
1294 4286 1524 4361 libertatibus
1553 4292 1599 4362 ad
1629 4296 1782 4367 eandem

326 4440 458 4501 terrem
475 4428 716 4524 spettantibus
733 4427 792 4501 vel
810 4431 855 4502 de
866 4430 950 4523 jure
966 4426 1124 4523 spedtnre
1141 4426 1357 4499 debentibus
1374 4436 1413 4499 et
1430 4450 1514 4498 cum
1531 4434 1783 4506 communibus

325 4564 553 4661 aysramentis
570 4564 728 4662 ejusdem
747 4566 833 4639 ville
850 4566 940 4639 adeo
964 4566 1076 4639 libere
1100 4568 1224 4659 quiete
1239 4564 1401 4659 plenarie
1417 4574 1456 4635 et
1473 4566 1668 4639 honorilice
1690 4566 1783 4642 fiout

325 4704 444 4799 aliqua
461 4700 654 4777 elemosina
670 4706 709 4775 in
726 4713 805 4776 toto
819 4704 947 4800 Regno
961 4703 1085 4777 Seotie
1098 4703 1246 4776 liberius
1259 4704 1416 4795 quietius
1433 4713 1472 4775 et
1487 4703 1782 4778 honorificentius

326 4851 472 4915 tenetur
489 4852 527 4915 et
544 4836 740 4939 possidetur
793 4842 844 4915 Et
868 4851 911 4913 ut
928 4843 996 4914 hee
1020 4862 1103 4914 mea
1120 4840 1267 4913 donatio
1283 4848 1459 4934 perpetue
1475 4841 1657 4912 firmitatis
1673 4843 1783 4915 robur

325 4982 488 5074 optineat
505 4977 650 5074 presens
663 4977 834 5075 seriptum
853 4978 955 5051 didois
972 4978 1095 5051 abbati
1112 4988 1151 5050 et
1168 4978 1351 5051 eanonieis
1367 4973 1473 5072 sigilli
1490 4976 1562 5047 mei
1583 4981 1782 5053 munimine

323 5119 453 5190 tradidi
480 5118 686 5190 roboratum
738 5115 876 5189 Datum
901 5118 997 5210 apud
1023 5114 1120 5189 Soon
1137 5113 1249 5187 Anno
1274 5125 1335 5185 te·
1359 5116 1420 5197 a?
1436 5125 1493 5187 οο0
1513 5112 1778 5211 quatragelimo
