<?xml version="1.0" encoding="UTF-8"?>
<!DOCTYPE html PUBLIC "-//W3C//DTD XHTML 1.0 Transitional//EN"
    "http://www.w3.org/TR/xhtml1/DTD/xhtml1-transitional.dtd">
<html xmlns="http://www.w3.org/1999/xhtml" xml:lang="en" lang="en">
 <head>
  <title>
</title>
<meta http-equiv="Content-Type" content="text/html;charset=utf-8" />
  <meta name='ocr-system' content='tesseract 3.04.00' />
  <meta name='ocr-capabilities' content='ocr_page ocr_carea ocr_par ocr_line ocrx_word'/>
</head>
<body>
  <div class='ocr_page' id='page_1' title='image "./liberecclesiede00abbegoog_0071.png"; bbox 0 0 4917 6509; ppageno 0'>
   <div class='ocr_carea' id='block_1_1' title="bbox 338 810 1786 887">
    <p class='ocr_par' dir='ltr' id='par_1_1' title="bbox 338 810 1786 887">
     <span class='ocr_line' id='line_1_1' title="bbox 338 810 1786 887; baseline 0.003 -4"><span class='ocrx_word' id='word_1_1' title='bbox 338 832 423 883; x_wconf 80' lang='lat' dir='ltr'><strong>nna.</strong></span> <span class='ocrx_word' id='word_1_2' title='bbox 443 833 527 883; x_wconf 83' lang='lat' dir='ltr'><strong>wrn.</strong></span> <span class='ocrx_word' id='word_1_3' title='bbox 750 814 787 887; x_wconf 84' lang='lat' dir='ltr'><strong>S.</strong></span> <span class='ocrx_word' id='word_1_4' title='bbox 814 812 1111 887; x_wconf 80' lang='lat' dir='ltr'>TRINITATIS</span> <span class='ocrx_word' id='word_1_5' title='bbox 1138 813 1207 885; x_wconf 92' lang='lat' dir='ltr'><strong>DE</strong></span> <span class='ocrx_word' id='word_1_6' title='bbox 1235 810 1381 887; x_wconf 84' lang='lat' dir='ltr'><strong>SCON.</strong></span> <span class='ocrx_word' id='word_1_7' title='bbox 1745 818 1786 887; x_wconf 83' lang='lat'><strong>19</strong></span> 
     </span>
    </p>
   </div>
   <div class='ocr_carea' id='block_1_2' title="bbox 334 1009 1787 1244">
    <p class='ocr_par' dir='ltr' id='par_1_2' title="bbox 334 1009 1787 1244">
     <span class='ocr_line' id='line_1_2' title="bbox 335 1009 1786 1107; baseline -0.001 -24"><span class='ocrx_word' id='word_1_8' title='bbox 335 1022 434 1084; x_wconf 86' lang='lat' dir='ltr'><strong>carta</strong></span> <span class='ocrx_word' id='word_1_9' title='bbox 450 1015 599 1107; x_wconf 66' lang='lat' dir='ltr'><strong>predicti</strong></span> <span class='ocrx_word' id='word_1_10' title='bbox 616 1013 729 1085; x_wconf 88' lang='lat' dir='ltr'><strong>Suani</strong></span> <span class='ocrx_word' id='word_1_11' title='bbox 756 1010 909 1086; x_wconf 85' lang='lat' dir='ltr'><strong>testatur</strong></span> <span class='ocrx_word' id='word_1_12' title='bbox 926 1012 1037 1085; x_wconf 86' lang='lat' dir='ltr'><strong>Saluo</strong></span> <span class='ocrx_word' id='word_1_13' title='bbox 1054 1012 1198 1085; x_wconf 88' lang='lat' dir='ltr'><strong>servitio</strong></span> <span class='ocrx_word' id='word_1_14' title='bbox 1215 1037 1297 1084; x_wconf 89' lang='lat' dir='ltr'><strong>meo</strong></span> <span class='ocrx_word' id='word_1_15' title='bbox 1321 1055 1327 1069; x_wconf 84' lang='lat'><strong>·</strong></span> <span class='ocrx_word' id='word_1_16' title='bbox 1346 1009 1510 1084; x_wconf 86' lang='lat' dir='ltr'><strong>Testibus</strong></span> <span class='ocrx_word' id='word_1_17' title='bbox 1528 1012 1686 1107; x_wconf 84' lang='lat' dir='ltr'><strong>Hugone</strong></span> <span class='ocrx_word' id='word_1_18' title='bbox 1704 1038 1786 1084; x_wconf 89' lang='lat' dir='ltr'><strong>can-</strong></span> 
     </span>
     <span class='ocr_line' id='line_1_3' title="bbox 334 1150 1787 1244; baseline 0.001 -24"><span class='ocrx_word' id='word_1_19' title='bbox 334 1150 478 1223; x_wconf 86' lang='lat' dir='ltr'><strong>cellario</strong></span> <span class='ocrx_word' id='word_1_20' title='bbox 505 1176 586 1224; x_wconf 88' lang='lat' dir='ltr'><strong>meo</strong></span> <span class='ocrx_word' id='word_1_21' title='bbox 610 1150 754 1223; x_wconf 84' lang='lat' dir='ltr'><strong>Comite</strong></span> <span class='ocrx_word' id='word_1_22' title='bbox 772 1150 950 1223; x_wconf 86' lang='lat' dir='ltr'><strong>Duncano</strong></span> <span class='ocrx_word' id='word_1_23' title='bbox 972 1151 1133 1222; x_wconf 88' lang='lat' dir='ltr'><strong>Roberto</strong></span> <span class='ocrx_word' id='word_1_24' title='bbox 1160 1150 1345 1243; x_wconf 87' lang='lat' dir='ltr'><strong>capellano</strong></span> <span class='ocrx_word' id='word_1_25' title='bbox 1372 1174 1454 1221; x_wconf 92' lang='lat' dir='ltr'><strong>meo</strong></span> <span class='ocrx_word' id='word_1_26' title='bbox 1471 1150 1627 1221; x_wconf 91' lang='lat' dir='ltr'><strong>Ricardo</strong></span> <span class='ocrx_word' id='word_1_27' title='bbox 1646 1152 1691 1222; x_wconf 91' lang='lat' dir='ltr'><strong>de</strong></span> <span class='ocrx_word' id='word_1_28' title='bbox 1708 1174 1787 1244; x_wconf 88' lang='lat' dir='ltr'><strong>pre-</strong></span> 
     </span>
    </p>
   </div>
   <div class='ocr_carea' id='block_1_3' title="bbox 333 1287 1714 1381">
    <p class='ocr_par' dir='ltr' id='par_1_3' title="bbox 333 1287 1714 1381">
     <span class='ocr_line' id='line_1_4' title="bbox 333 1287 1714 1381; baseline 0 -23"><span class='ocrx_word' id='word_1_29' title='bbox 333 1290 451 1361; x_wconf 89' lang='lat' dir='ltr'><strong>benda</strong></span> <span class='ocrx_word' id='word_1_30' title='bbox 467 1289 596 1361; x_wconf 88' lang='lat' dir='ltr'><strong>clerico</strong></span> <span class='ocrx_word' id='word_1_31' title='bbox 612 1310 694 1361; x_wconf 89' lang='lat' dir='ltr'><strong>meo</strong></span> <span class='ocrx_word' id='word_1_32' title='bbox 712 1289 875 1362; x_wconf 89' lang='lat' dir='ltr'><strong>Roberto</strong></span> <span class='ocrx_word' id='word_1_33' title='bbox 892 1289 1061 1361; x_wconf 84' lang='lat' dir='ltr'><strong>Berkelai</strong></span> <span class='ocrx_word' id='word_1_34' title='bbox 1080 1287 1269 1361; x_wconf 90' lang='lat' dir='ltr'><strong>Willelmo</strong></span> <span class='ocrx_word' id='word_1_35' title='bbox 1287 1290 1390 1359; x_wconf 86' lang='lat' dir='ltr'><strong>vniec</strong></span> <span class='ocrx_word' id='word_1_36' title='bbox 1441 1287 1552 1381; x_wconf 87' lang='lat' dir='ltr'><strong>Apud</strong></span> <span class='ocrx_word' id='word_1_37' title='bbox 1570 1287 1714 1359; x_wconf 91' lang='lat' dir='ltr'><strong>Clunin.</strong></span> 
     </span>
    </p>
   </div>
   <div class='ocr_carea' id='block_1_4' title="bbox 334 1561 1598 1660">
    <p class='ocr_par' dir='ltr' id='par_1_4' title="bbox 334 1561 1598 1660">
     <span class='ocr_line' id='line_1_5' title="bbox 334 1561 1598 1660; baseline -0.001 -27"><span class='ocrx_word' id='word_1_38' title='bbox 334 1562 442 1635; x_wconf 88' lang='lat' dir='ltr'><strong>Carta</strong></span> <span class='ocrx_word' id='word_1_39' title='bbox 461 1564 640 1635; x_wconf 89' lang='lat' dir='ltr'><strong>Wilielmi</strong></span> <span class='ocrx_word' id='word_1_40' title='bbox 660 1566 771 1660; x_wconf 87' lang='lat' dir='ltr'><strong>Regis</strong></span> <span class='ocrx_word' id='word_1_41' title='bbox 789 1566 833 1635; x_wconf 90' lang='lat' dir='ltr'><strong>de</strong></span> <span class='ocrx_word' id='word_1_42' title='bbox 851 1561 1007 1637; x_wconf 80' lang='lat' dir='ltr'><strong>ecclesiis</strong></span> <span class='ocrx_word' id='word_1_43' title='bbox 1026 1564 1070 1634; x_wconf 92' lang='lat' dir='ltr'><strong>de</strong></span> <span class='ocrx_word' id='word_1_44' title='bbox 1090 1563 1334 1634; x_wconf 84' lang='lat' dir='ltr'><strong>Louchferver</strong></span> <span class='ocrx_word' id='word_1_45' title='bbox 1350 1572 1389 1634; x_wconf 87' lang='lat' dir='ltr'><strong>et</strong></span> <span class='ocrx_word' id='word_1_46' title='bbox 1406 1562 1598 1634; x_wconf 87' lang='lat' dir='ltr'><strong>Kerinton.</strong></span> 
     </span>
    </p>
   </div>
   <div class='ocr_carea' id='block_1_5' title="bbox 261 1815 1784 3173">
    <p class='ocr_par' dir='ltr' id='par_1_5' title="bbox 261 1815 1784 3173">
     <span class='ocr_line' id='line_1_6' title="bbox 261 1815 1784 1933; baseline 0.001 -26"><span class='ocrx_word' id='word_1_47' title='bbox 261 1844 307 1908; x_wconf 67' lang='lat'><strong>,⁶23</strong></span> <span class='ocrx_word' id='word_1_48' title='bbox 333 1815 558 1913; x_wconf 87' lang='lat' dir='ltr'><strong>Willolmus</strong></span> <span class='ocrx_word' id='word_1_49' title='bbox 576 1840 657 1911; x_wconf 85' lang='lat' dir='ltr'><strong>Rex</strong></span> <span class='ocrx_word' id='word_1_50' title='bbox 676 1840 884 1913; x_wconf 76' lang='lat' dir='ltr'><strong>Scottorum</strong></span> <span class='ocrx_word' id='word_1_51' title='bbox 910 1841 1076 1911; x_wconf 91' lang='lat' dir='ltr'><strong>omnibus</strong></span> <span class='ocrx_word' id='word_1_52' title='bbox 1091 1840 1211 1933; x_wconf 83' lang='lat' dir='ltr'>probis</span> <span class='ocrx_word' id='word_1_53' title='bbox 1228 1840 1434 1912; x_wconf 91' lang='lat' dir='ltr'><strong>hominibus</strong></span> <span class='ocrx_word' id='word_1_54' title='bbox 1460 1841 1573 1908; x_wconf 89' lang='lat' dir='ltr'><strong>totius</strong></span> <span class='ocrx_word' id='word_1_55' title='bbox 1601 1848 1707 1909; x_wconf 85' lang='lat' dir='ltr'><strong>terre&#39;</strong></span> <span class='ocrx_word' id='word_1_56' title='bbox 1721 1836 1784 1909; x_wconf 89' lang='lat' dir='ltr'><strong>sue</strong></span> 
     </span>
     <span class='ocr_line' id='line_1_7' title="bbox 331 1956 1783 2075; baseline -0.001 -28"><span class='ocrx_word' id='word_1_57' title='bbox 331 1977 484 2049; x_wconf 87' lang='lat' dir='ltr'><strong>salntem</strong></span> <span class='ocrx_word' id='word_1_58' title='bbox 537 1977 668 2050; x_wconf 87' lang='lat' dir='ltr'><strong>Sciatis</strong></span> <span class='ocrx_word' id='word_1_59' title='bbox 693 2000 752 2048; x_wconf 89' lang='lat' dir='ltr'><strong>me</strong></span> <span class='ocrx_word' id='word_1_60' title='bbox 779 1956 978 2049; x_wconf 82' lang='lat' dir='ltr'><strong>coneeffiffe</strong></span> <span class='ocrx_word' id='word_1_61' title='bbox 1005 1987 1043 2049; x_wconf 85' lang='lat' dir='ltr'><strong>et</strong></span> <span class='ocrx_word' id='word_1_62' title='bbox 1068 1978 1134 2051; x_wconf 89' lang='lat' dir='ltr'><strong>hac</strong></span> <span class='ocrx_word' id='word_1_63' title='bbox 1160 2002 1242 2049; x_wconf 89' lang='lat' dir='ltr'><strong>mea</strong></span> <span class='ocrx_word' id='word_1_64' title='bbox 1267 1987 1366 2049; x_wconf 88' lang='lat' dir='ltr'><strong>carta</strong></span> <span class='ocrx_word' id='word_1_65' title='bbox 1390 1972 1610 2075; x_wconf 73' lang='lat' dir='ltr'><strong>confirmasse</strong></span> <span class='ocrx_word' id='word_1_66' title='bbox 1638 1975 1720 2045; x_wconf 91' lang='lat' dir='ltr'><strong>Deo</strong></span> <span class='ocrx_word' id='word_1_67' title='bbox 1745 1985 1783 2046; x_wconf 88' lang='lat' dir='ltr'><strong>et</strong></span> 
     </span>
     <span class='ocr_line' id='line_1_8' title="bbox 331 2112 1783 2187; baseline -0.001 -2"><span class='ocrx_word' id='word_1_68' title='bbox 331 2112 479 2187; x_wconf 79' lang='lat' dir='ltr'><strong>ecclesio</strong></span> <span class='ocrx_word' id='word_1_69' title='bbox 505 2115 635 2187; x_wconf 63' lang='lat' dir='ltr'><strong>Sancte</strong></span> <span class='ocrx_word' id='word_1_70' title='bbox 660 2114 846 2187; x_wconf 84' lang='lat' dir='ltr'><strong>Trinitatis</strong></span> <span class='ocrx_word' id='word_1_71' title='bbox 872 2116 917 2186; x_wconf 89' lang='lat' dir='ltr'><strong>de</strong></span> <span class='ocrx_word' id='word_1_72' title='bbox 945 2115 1041 2187; x_wconf 89' lang='lat' dir='ltr'><strong>Scon</strong></span> <span class='ocrx_word' id='word_1_73' title='bbox 1068 2126 1106 2187; x_wconf 89' lang='lat' dir='ltr'><strong>et</strong></span> <span class='ocrx_word' id='word_1_74' title='bbox 1131 2116 1253 2187; x_wconf 86' lang='lat' dir='ltr'><strong>abbati</strong></span> <span class='ocrx_word' id='word_1_75' title='bbox 1280 2124 1317 2187; x_wconf 90' lang='lat' dir='ltr'><strong>et</strong></span> <span class='ocrx_word' id='word_1_76' title='bbox 1343 2116 1523 2187; x_wconf 88' lang='lat' dir='ltr'><strong>canonicis</strong></span> <span class='ocrx_word' id='word_1_77' title='bbox 1548 2114 1684 2185; x_wconf 84' lang='lat' dir='ltr'><strong>ibidem</strong></span> <span class='ocrx_word' id='word_1_78' title='bbox 1703 2114 1783 2184; x_wconf 88' lang='lat' dir='ltr'><strong>Deo</strong></span> 
     </span>
     <span class='ocr_line' id='line_1_9' title="bbox 330 2249 1783 2325; baseline -0.001 -2"><span class='ocrx_word' id='word_1_79' title='bbox 330 2252 567 2325; x_wconf 89' lang='lat' dir='ltr'><strong>seruientibus</strong></span> <span class='ocrx_word' id='word_1_80' title='bbox 593 2249 777 2325; x_wconf 74' lang='lat' dir='ltr'><strong>ecclesiam</strong></span> <span class='ocrx_word' id='word_1_81' title='bbox 804 2255 849 2324; x_wconf 91' lang='lat' dir='ltr'><strong>de</strong></span> <span class='ocrx_word' id='word_1_82' title='bbox 868 2252 1113 2325; x_wconf 87' lang='lat' dir='ltr'><strong>Louchferuer</strong></span> <span class='ocrx_word' id='word_1_83' title='bbox 1138 2262 1175 2325; x_wconf 89' lang='lat' dir='ltr'><strong>et</strong></span> <span class='ocrx_word' id='word_1_84' title='bbox 1201 2249 1386 2325; x_wconf 73' lang='lat' dir='ltr'><strong>ecclesiam</strong></span> <span class='ocrx_word' id='word_1_85' title='bbox 1404 2254 1449 2323; x_wconf 90' lang='lat' dir='ltr'><strong>de</strong></span> <span class='ocrx_word' id='word_1_86' title='bbox 1467 2251 1674 2322; x_wconf 88' lang='lat' dir='ltr'><strong>Kerintoun</strong></span> <span class='ocrx_word' id='word_1_87' title='bbox 1700 2276 1783 2322; x_wconf 90' lang='lat' dir='ltr'><strong>cum</strong></span> 
     </span>
     <span class='ocr_line' id='line_1_10' title="bbox 329 2390 1783 2483; baseline -0.001 -22"><span class='ocrx_word' id='word_1_88' title='bbox 329 2393 433 2463; x_wconf 89' lang='lat' dir='ltr'><strong>terris</strong></span> <span class='ocrx_word' id='word_1_89' title='bbox 451 2400 488 2461; x_wconf 88' lang='lat' dir='ltr'><strong>et</strong></span> <span class='ocrx_word' id='word_1_90' title='bbox 506 2393 654 2463; x_wconf 85' lang='lat' dir='ltr'><strong>decimis</strong></span> <span class='ocrx_word' id='word_1_91' title='bbox 682 2400 720 2463; x_wconf 90' lang='lat' dir='ltr'><strong>et</strong></span> <span class='ocrx_word' id='word_1_92' title='bbox 744 2392 1018 2463; x_wconf 76' lang='lat' dir='ltr'><strong>ret&#39;citudinibus</strong></span> <span class='ocrx_word' id='word_1_93' title='bbox 1044 2392 1209 2463; x_wconf 91' lang='lat' dir='ltr'><strong>omnibus</strong></span> <span class='ocrx_word' id='word_1_94' title='bbox 1236 2392 1281 2463; x_wconf 89' lang='lat' dir='ltr'><strong>ad</strong></span> <span class='ocrx_word' id='word_1_95' title='bbox 1297 2401 1488 2483; x_wconf 89' lang='lat' dir='ltr'><strong>utramque</strong></span> <span class='ocrx_word' id='word_1_96' title='bbox 1514 2390 1655 2459; x_wconf 86' lang='lat' dir='ltr'><strong>illarum</strong></span> <span class='ocrx_word' id='word_1_97' title='bbox 1674 2392 1783 2483; x_wconf 82' lang='lat' dir='ltr'><strong>perti-</strong></span> 
     </span>
     <span class='ocr_line' id='line_1_11' title="bbox 330 2524 1782 2624; baseline -0.001 -25"><span class='ocrx_word' id='word_1_98' title='bbox 330 2530 500 2599; x_wconf 89' lang='lat' dir='ltr'><strong>nentibus</strong></span> <span class='ocrx_word' id='word_1_99' title='bbox 519 2528 615 2601; x_wconf 89' lang='lat' dir='ltr'><strong>Volo</strong></span> <span class='ocrx_word' id='word_1_100' title='bbox 641 2532 765 2621; x_wconf 87' lang='lat' dir='ltr'><strong>itaque</strong></span> <span class='ocrx_word' id='word_1_101' title='bbox 783 2539 821 2601; x_wconf 89' lang='lat' dir='ltr'><strong>et</strong></span> <span class='ocrx_word' id='word_1_102' title='bbox 838 2532 996 2624; x_wconf 84' lang='lat' dir='ltr'><strong>precipio</strong></span> <span class='ocrx_word' id='word_1_103' title='bbox 1013 2539 1055 2600; x_wconf 93' lang='lat' dir='ltr'><strong>ut</strong></span> <span class='ocrx_word' id='word_1_104' title='bbox 1073 2528 1236 2601; x_wconf 81' lang='lat' dir='ltr'><strong>canonici</strong></span> <span class='ocrx_word' id='word_1_105' title='bbox 1262 2529 1393 2624; x_wconf 87' lang='lat' dir='ltr'><strong>prefati</strong></span> <span class='ocrx_word' id='word_1_106' title='bbox 1418 2528 1594 2622; x_wconf 72' lang='lat' dir='ltr'><strong>predit&#39;tas</strong></span> <span class='ocrx_word' id='word_1_107' title='bbox 1617 2524 1782 2598; x_wconf 84' lang='lat' dir='ltr'><strong>eoclefias</strong></span> 
     </span>
     <span class='ocr_line' id='line_1_12' title="bbox 329 2660 1778 2761; baseline -0.002 -25"><span class='ocrx_word' id='word_1_108' title='bbox 329 2667 381 2737; x_wconf 88' lang='lat' dir='ltr'><strong>ita</strong></span> <span class='ocrx_word' id='word_1_109' title='bbox 398 2668 509 2739; x_wconf 88' lang='lat' dir='ltr'><strong>libere</strong></span> <span class='ocrx_word' id='word_1_110' title='bbox 528 2676 565 2738; x_wconf 88' lang='lat' dir='ltr'><strong>et</strong></span> <span class='ocrx_word' id='word_1_111' title='bbox 583 2668 705 2760; x_wconf 89' lang='lat' dir='ltr'><strong>quiete</strong></span> <span class='ocrx_word' id='word_1_112' title='bbox 723 2690 805 2738; x_wconf 93' lang='lat' dir='ltr'><strong>cum</strong></span> <span class='ocrx_word' id='word_1_113' title='bbox 824 2670 988 2739; x_wconf 92' lang='lat' dir='ltr'><strong>omnibus</strong></span> <span class='ocrx_word' id='word_1_114' title='bbox 1015 2668 1059 2739; x_wconf 87' lang='lat' dir='ltr'><strong>ad</strong></span> <span class='ocrx_word' id='word_1_115' title='bbox 1084 2690 1143 2739; x_wconf 87' lang='lat' dir='ltr'><strong>eas</strong></span> <span class='ocrx_word' id='word_1_116' title='bbox 1169 2667 1435 2761; x_wconf 86' lang='lat' dir='ltr'><strong>pertinentibus</strong></span> <span class='ocrx_word' id='word_1_117' title='bbox 1453 2675 1602 2737; x_wconf 82' lang='lat' dir='ltr'><strong>teneant</strong></span> <span class='ocrx_word' id='word_1_118' title='bbox 1620 2674 1658 2736; x_wconf 87' lang='lat' dir='ltr'><strong>et</strong></span> <span class='ocrx_word' id='word_1_119' title='bbox 1674 2660 1778 2758; x_wconf 88' lang='lat' dir='ltr'><strong>poffi-</strong></span> 
     </span>
     <span class='ocr_line' id='line_1_13' title="bbox 330 2780 1782 2899; baseline -0.001 -25"><span class='ocrx_word' id='word_1_120' title='bbox 330 2806 438 2877; x_wconf 80' lang='lat' dir='ltr'><strong>deant</strong></span> <span class='ocrx_word' id='word_1_121' title='bbox 456 2802 547 2878; x_wconf 85' lang='lat' dir='ltr'><strong>ficut</strong></span> <span class='ocrx_word' id='word_1_122' title='bbox 570 2806 689 2899; x_wconf 88' lang='lat' dir='ltr'><strong>alique</strong></span> <span class='ocrx_word' id='word_1_123' title='bbox 713 2801 861 2877; x_wconf 87' lang='lat' dir='ltr'><strong>ecclefie</strong></span> <span class='ocrx_word' id='word_1_124' title='bbox 878 2808 915 2876; x_wconf 93' lang='lat' dir='ltr'><strong>in</strong></span> <span class='ocrx_word' id='word_1_125' title='bbox 933 2780 1030 2877; x_wconf 79' lang='lat' dir='ltr'><strong>terra</strong></span> <span class='ocrx_word' id='word_1_126' title='bbox 1054 2829 1136 2876; x_wconf 89' lang='lat' dir='ltr'><strong>mea</strong></span> <span class='ocrx_word' id='word_1_127' title='bbox 1161 2805 1308 2876; x_wconf 89' lang='lat' dir='ltr'><strong>liberius</strong></span> <span class='ocrx_word' id='word_1_128' title='bbox 1325 2814 1363 2875; x_wconf 89' lang='lat' dir='ltr'><strong>et</strong></span> <span class='ocrx_word' id='word_1_129' title='bbox 1381 2804 1537 2896; x_wconf 88' lang='lat' dir='ltr'><strong>quietius</strong></span> <span class='ocrx_word' id='word_1_130' title='bbox 1554 2811 1727 2874; x_wconf 88' lang='lat' dir='ltr'><strong>tenentur</strong></span> <span class='ocrx_word' id='word_1_131' title='bbox 1743 2813 1782 2873; x_wconf 85' lang='lat' dir='ltr'><strong>et</strong></span> 
     </span>
     <span class='ocr_line' id='line_1_14' title="bbox 329 2938 1780 3036; baseline -0.002 -24"><span class='ocrx_word' id='word_1_132' title='bbox 329 2938 550 3034; x_wconf 87' lang='lat' dir='ltr'><strong>poffidentur</strong></span> <span class='ocrx_word' id='word_1_133' title='bbox 590 2941 755 3014; x_wconf 79' lang='lat' dir='ltr'><strong>Testibus</strong></span> <span class='ocrx_word' id='word_1_134' title='bbox 773 2942 923 3015; x_wconf 88' lang='lat' dir='ltr'><strong>Andrea</strong></span> <span class='ocrx_word' id='word_1_135' title='bbox 939 2942 1104 3036; x_wconf 90' lang='lat' dir='ltr'><strong>episcopo</strong></span> <span class='ocrx_word' id='word_1_136' title='bbox 1123 2944 1167 3013; x_wconf 89' lang='lat' dir='ltr'><strong>de</strong></span> <span class='ocrx_word' id='word_1_137' title='bbox 1187 2942 1344 3013; x_wconf 83' lang='lat' dir='ltr'><strong>Catenes</strong></span> <span class='ocrx_word' id='word_1_138' title='bbox 1371 2941 1551 3012; x_wconf 87' lang='lat' dir='ltr'><strong>Nioholao</strong></span> <span class='ocrx_word' id='word_1_139' title='bbox 1568 2940 1780 3011; x_wconf 88' lang='lat' dir='ltr'><strong>cancellario</strong></span> 
     </span>
     <span class='ocr_line' id='line_1_15' title="bbox 330 3077 1778 3173; baseline -0.001 -26"><span class='ocrx_word' id='word_1_140' title='bbox 330 3078 498 3151; x_wconf 86' lang='lat' dir='ltr'><strong>Waltero</strong></span> <span class='ocrx_word' id='word_1_141' title='bbox 516 3080 590 3150; x_wconf 90' lang='lat' dir='ltr'><strong>filio</strong></span> <span class='ocrx_word' id='word_1_142' title='bbox 609 3080 719 3151; x_wconf 85' lang='lat' dir='ltr'><strong>Alani</strong></span> <span class='ocrx_word' id='word_1_143' title='bbox 738 3081 897 3173; x_wconf 87' lang='lat' dir='ltr'><strong>dapifero</strong></span> <span class='ocrx_word' id='word_1_144' title='bbox 917 3080 1069 3151; x_wconf 88' lang='lat' dir='ltr'><strong>Matheo</strong></span> <span class='ocrx_word' id='word_1_145' title='bbox 1087 3080 1334 3152; x_wconf 89' lang='lat' dir='ltr'><strong>archidiacono</strong></span> <span class='ocrx_word' id='word_1_146' title='bbox 1386 3077 1497 3170; x_wconf 86' lang='lat' dir='ltr'><strong>Apud</strong></span> <span class='ocrx_word' id='word_1_147' title='bbox 1513 3077 1778 3148; x_wconf 85' lang='lat' dir='ltr'><strong>Dunfermelin.</strong></span> 
     </span>
    </p>
   </div>
   <div class='ocr_carea' id='block_1_6' title="bbox 328 3351 1493 3448">
    <p class='ocr_par' dir='ltr' id='par_1_6' title="bbox 328 3351 1493 3448">
     <span class='ocr_line' id='line_1_16' title="bbox 328 3351 1493 3448; baseline -0.002 -24"><span class='ocrx_word' id='word_1_148' title='bbox 328 3352 438 3425; x_wconf 85' lang='lat' dir='ltr'><strong>Carta</strong></span> <span class='ocrx_word' id='word_1_149' title='bbox 455 3352 622 3448; x_wconf 88' lang='lat' dir='ltr'><strong>Hugonis</strong></span> <span class='ocrx_word' id='word_1_150' title='bbox 640 3353 684 3424; x_wconf 91' lang='lat' dir='ltr'><strong>de</strong></span> <span class='ocrx_word' id='word_1_151' title='bbox 702 3352 904 3424; x_wconf 83' lang='lat' dir='ltr'><strong>Caledouer</strong></span> <span class='ocrx_word' id='word_1_152' title='bbox 919 3352 1025 3445; x_wconf 89' lang='lat' dir='ltr'><strong>super</strong></span> <span class='ocrx_word' id='word_1_153' title='bbox 1040 3353 1078 3423; x_wconf 86' lang='lat' dir='ltr'><strong>xl</strong></span> <span class='ocrx_word' id='word_1_154' title='bbox 1098 3355 1186 3423; x_wconf 83' lang='lat' dir='ltr'><strong>acris</strong></span> <span class='ocrx_word' id='word_1_155' title='bbox 1204 3355 1242 3422; x_wconf 93' lang='lat' dir='ltr'><strong>in</strong></span> <span class='ocrx_word' id='word_1_156' title='bbox 1260 3351 1493 3447; x_wconf 83' lang='lat' dir='ltr'><strong>Buthyrgasc.</strong></span> 
     </span>
    </p>
   </div>
   <div class='ocr_carea' id='block_1_7' title="bbox 256 3604 1965 5099">
    <p class='ocr_par' dir='ltr' id='par_1_7' title="bbox 256 3604 1965 5099">
     <span class='ocr_line' id='line_1_17' title="bbox 256 3604 1780 3725; baseline -0.001 -26"><span class='ocrx_word' id='word_1_157' title='bbox 256 3636 304 3699; x_wconf 68' lang='lat'><strong>24</strong></span> <span class='ocrx_word' id='word_1_158' title='bbox 332 3604 460 3725; x_wconf 84' lang='lat' dir='ltr'><strong>Hugo</strong></span> <span class='ocrx_word' id='word_1_159' title='bbox 479 3630 524 3699; x_wconf 90' lang='lat' dir='ltr'><strong>de</strong></span> <span class='ocrx_word' id='word_1_160' title='bbox 542 3629 742 3700; x_wconf 86' lang='lat' dir='ltr'><strong>Caledouer</strong></span> <span class='ocrx_word' id='word_1_161' title='bbox 759 3628 925 3699; x_wconf 91' lang='lat' dir='ltr'><strong>omnibus</strong></span> <span class='ocrx_word' id='word_1_162' title='bbox 942 3628 1148 3697; x_wconf 89' lang='lat' dir='ltr'><strong>hominibus</strong></span> <span class='ocrx_word' id='word_1_163' title='bbox 1165 3637 1204 3698; x_wconf 88' lang='lat' dir='ltr'><strong>et</strong></span> <span class='ocrx_word' id='word_1_164' title='bbox 1221 3629 1344 3698; x_wconf 88' lang='lat' dir='ltr'><strong>amicis</strong></span> <span class='ocrx_word' id='word_1_165' title='bbox 1362 3626 1432 3697; x_wconf 89' lang='lat' dir='ltr'><strong>suis</strong></span> <span class='ocrx_word' id='word_1_166' title='bbox 1450 3625 1602 3697; x_wconf 88' lang='lat' dir='ltr'><strong>salutem</strong></span> <span class='ocrx_word' id='word_1_167' title='bbox 1653 3627 1780 3698; x_wconf 81' lang='lat' dir='ltr'><strong>Sciant</strong></span> 
     </span>
     <span class='ocr_line' id='line_1_18' title="bbox 329 3761 1780 3861; baseline -0.001 -23"><span class='ocrx_word' id='word_1_168' title='bbox 329 3778 403 3839; x_wconf 92' lang='lat' dir='ltr'><strong>tam</strong></span> <span class='ocrx_word' id='word_1_169' title='bbox 428 3766 611 3861; x_wconf 82' lang='lat' dir='ltr'><strong>presentes</strong></span> <span class='ocrx_word' id='word_1_170' title='bbox 637 3790 744 3860; x_wconf 88' lang='lat' dir='ltr'><strong>quam</strong></span> <span class='ocrx_word' id='word_1_171' title='bbox 766 3767 882 3838; x_wconf 88' lang='lat' dir='ltr'><strong>futuri</strong></span> <span class='ocrx_word' id='word_1_172' title='bbox 907 3790 965 3837; x_wconf 89' lang='lat' dir='ltr'><strong>me</strong></span> <span class='ocrx_word' id='word_1_173' title='bbox 989 3762 1120 3837; x_wconf 77' lang='lat' dir='ltr'><strong>dedisse</strong></span> <span class='ocrx_word' id='word_1_174' title='bbox 1145 3775 1183 3836; x_wconf 89' lang='lat' dir='ltr'><strong>et</strong></span> <span class='ocrx_word' id='word_1_175' title='bbox 1208 3761 1410 3837; x_wconf 81' lang='lat' dir='ltr'><strong>conceffiffe</strong></span> <span class='ocrx_word' id='word_1_176' title='bbox 1428 3775 1465 3836; x_wconf 89' lang='lat' dir='ltr'><strong>et</strong></span> <span class='ocrx_word' id='word_1_177' title='bbox 1483 3767 1550 3837; x_wconf 92' lang='lat' dir='ltr'><strong>hac</strong></span> <span class='ocrx_word' id='word_1_178' title='bbox 1576 3788 1658 3836; x_wconf 89' lang='lat' dir='ltr'><strong>mca</strong></span> <span class='ocrx_word' id='word_1_179' title='bbox 1678 3776 1780 3838; x_wconf 88' lang='lat' dir='ltr'><strong>carta</strong></span> 
     </span>
     <span class='ocr_line' id='line_1_19' title="bbox 328 3896 1965 3999; baseline -0.003 -22"><span class='ocrx_word' id='word_1_180' title='bbox 328 3902 547 3979; x_wconf 78' lang='lat' dir='ltr'><strong>confirmasse</strong></span> <span class='ocrx_word' id='word_1_181' title='bbox 573 3901 721 3976; x_wconf 85' lang='lat' dir='ltr'><strong>eccieiie</strong></span> <span class='ocrx_word' id='word_1_182' title='bbox 740 3904 870 3976; x_wconf 72' lang='lat' dir='ltr'><strong>Sancte</strong></span> <span class='ocrx_word' id='word_1_183' title='bbox 887 3903 1073 3975; x_wconf 86' lang='lat' dir='ltr'><strong>Trinitatis</strong></span> <span class='ocrx_word' id='word_1_184' title='bbox 1091 3904 1136 3973; x_wconf 89' lang='lat' dir='ltr'><strong>dc</strong></span> <span class='ocrx_word' id='word_1_185' title='bbox 1154 3900 1273 3973; x_wconf 88' lang='lat' dir='ltr'><strong>Soona</strong></span> <span class='ocrx_word' id='word_1_186' title='bbox 1288 3912 1326 3999; x_wconf 86' lang='lat' dir='ltr'><strong>et</strong></span> <span class='ocrx_word' id='word_1_187' title='bbox 1343 3905 1522 3975; x_wconf 88' lang='lat' dir='ltr'><strong>canonicis</strong></span> <span class='ocrx_word' id='word_1_188' title='bbox 1547 3903 1680 3974; x_wconf 89' lang='lat' dir='ltr'><strong>ibidem</strong></span> <span class='ocrx_word' id='word_1_189' title='bbox 1699 3896 1779 3973; x_wconf 85' lang='lat' dir='ltr'><strong>Deo</strong></span> <span class='ocrx_word' id='word_1_190' title='bbox 1963 3951 1965 3960; x_wconf 63' lang='lat'><em>=</em></span> 
     </span>
     <span class='ocr_line' id='line_1_20' title="bbox 323 4012 1895 4136; baseline -0.003 -21"><span class='ocrx_word' id='word_1_191' title='bbox 323 4042 560 4116; x_wconf 87' lang='lat' dir='ltr'><strong>seruientibus</strong></span> <span class='ocrx_word' id='word_1_192' title='bbox 574 4054 612 4115; x_wconf 89' lang='lat' dir='ltr'><strong>et</strong></span> <span class='ocrx_word' id='word_1_193' title='bbox 625 4042 808 4115; x_wconf 74' lang='lat' dir='ltr'><strong>seruitutis</strong></span> <span class='ocrx_word' id='word_1_194' title='bbox 826 4044 1054 4136; x_wconf 87' lang='lat' dir='ltr'><strong>quatraginta</strong></span> <span class='ocrx_word' id='word_1_195' title='bbox 1071 4064 1169 4113; x_wconf 84' lang='lat' dir='ltr'><strong>acras</strong></span> <span class='ocrx_word' id='word_1_196' title='bbox 1186 4050 1282 4111; x_wconf 88' lang='lat' dir='ltr'><strong>terre</strong></span> <span class='ocrx_word' id='word_1_197' title='bbox 1300 4034 1398 4112; x_wconf 84' lang='lat' dir='ltr'><strong>culte</strong></span> <span class='ocrx_word' id='word_1_198' title='bbox 1414 4043 1451 4112; x_wconf 93' lang='lat' dir='ltr'><strong>in</strong></span> <span class='ocrx_word' id='word_1_199' title='bbox 1468 4039 1679 4134; x_wconf 85' lang='lat' dir='ltr'><strong>Buthirgasc</strong></span> <span class='ocrx_word' id='word_1_200' title='bbox 1696 4064 1779 4111; x_wconf 92' lang='lat' dir='ltr'><strong>cum</strong></span> <span class='ocrx_word' id='word_1_201' title='bbox 1894 4012 1895 4015; x_wconf 15' lang='lat'>¹</span> 
     </span>
     <span class='ocr_line' id='line_1_21' title="bbox 328 4174 1779 4271; baseline -0.003 -18"><span class='ocrx_word' id='word_1_202' title='bbox 328 4205 401 4253; x_wconf 91' lang='lat' dir='ltr'><strong>uno</strong></span> <span class='ocrx_word' id='word_1_203' title='bbox 417 4182 510 4253; x_wconf 83' lang='lat' dir='ltr'><strong>tofto</strong></span> <span class='ocrx_word' id='word_1_204' title='bbox 528 4192 566 4254; x_wconf 90' lang='lat' dir='ltr'><strong>et</strong></span> <span class='ocrx_word' id='word_1_205' title='bbox 584 4183 698 4254; x_wconf 85' lang='lat' dir='ltr'><strong>croito</strong></span> <span class='ocrx_word' id='word_1_206' title='bbox 715 4183 752 4251; x_wconf 95' lang='lat' dir='ltr'><strong>in</strong></span> <span class='ocrx_word' id='word_1_207' title='bbox 771 4181 895 4251; x_wconf 89' lang='lat' dir='ltr'><strong>eadem</strong></span> <span class='ocrx_word' id='word_1_208' title='bbox 910 4178 996 4250; x_wconf 87' lang='lat' dir='ltr'><strong>villa</strong></span> <span class='ocrx_word' id='word_1_209' title='bbox 1012 4180 1246 4271; x_wconf 88' lang='lat' dir='ltr'><strong>proximiores</strong></span> <span class='ocrx_word' id='word_1_210' title='bbox 1263 4179 1425 4249; x_wconf 89' lang='lat' dir='ltr'><strong>terminis</strong></span> <span class='ocrx_word' id='word_1_211' title='bbox 1443 4180 1487 4249; x_wconf 91' lang='lat' dir='ltr'><strong>de</strong></span> <span class='ocrx_word' id='word_1_212' title='bbox 1499 4174 1723 4271; x_wconf 88' lang='lat' dir='ltr'><strong>Buthurgasc</strong></span> <span class='ocrx_word' id='word_1_213' title='bbox 1740 4186 1779 4249; x_wconf 86' lang='lat' dir='ltr'><strong>et</strong></span> 
     </span>
     <span class='ocr_line' id='line_1_22' title="bbox 326 4313 1776 4413; baseline -0.003 -22"><span class='ocrx_word' id='word_1_214' title='bbox 326 4321 372 4391; x_wconf 89' lang='lat' dir='ltr'><strong>de</strong></span> <span class='ocrx_word' id='word_1_215' title='bbox 390 4318 508 4413; x_wconf 85' lang='lat' dir='ltr'><strong>Pctyn</strong></span> <span class='ocrx_word' id='word_1_216' title='bbox 525 4344 608 4391; x_wconf 92' lang='lat' dir='ltr'><strong>cum</strong></span> <span class='ocrx_word' id='word_1_217' title='bbox 627 4320 809 4391; x_wconf 87' lang='lat' dir='ltr'><strong>communi</strong></span> <span class='ocrx_word' id='word_1_218' title='bbox 827 4313 969 4410; x_wconf 90' lang='lat' dir='ltr'><strong>pastura</strong></span> <span class='ocrx_word' id='word_1_219' title='bbox 992 4325 1030 4387; x_wconf 90' lang='lat' dir='ltr'><strong>et</strong></span> <span class='ocrx_word' id='word_1_220' title='bbox 1053 4316 1131 4387; x_wconf 92' lang='lat' dir='ltr'><strong>aliis</strong></span> <span class='ocrx_word' id='word_1_221' title='bbox 1158 4313 1384 4410; x_wconf 82' lang='lat' dir='ltr'><strong>aydamentis</strong></span> <span class='ocrx_word' id='word_1_222' title='bbox 1408 4316 1452 4385; x_wconf 90' lang='lat' dir='ltr'><strong>de</strong></span> <span class='ocrx_word' id='word_1_223' title='bbox 1470 4314 1694 4409; x_wconf 84' lang='lat' dir='ltr'><strong>Buthnrgasc</strong></span> <span class='ocrx_word' id='word_1_224' title='bbox 1711 4339 1776 4409; x_wconf 88' lang='lat' dir='ltr'><strong>pro</strong></span> 
     </span>
     <span class='ocr_line' id='line_1_23' title="bbox 325 4448 1776 4528; baseline -0.002 -1"><span class='ocrx_word' id='word_1_225' title='bbox 325 4455 439 4528; x_wconf 84' lang='lat' dir='ltr'><strong>salute</strong></span> <span class='ocrx_word' id='word_1_226' title='bbox 451 4458 570 4527; x_wconf 88' lang='lat' dir='ltr'><strong>anime</strong></span> <span class='ocrx_word' id='word_1_227' title='bbox 584 4480 664 4527; x_wconf 88' lang='lat' dir='ltr'><strong>mee</strong></span> <span class='ocrx_word' id='word_1_228' title='bbox 678 4466 716 4527; x_wconf 88' lang='lat' dir='ltr'><strong>et</strong></span> <span class='ocrx_word' id='word_1_229' title='bbox 727 4457 848 4526; x_wconf 83' lang='lat' dir='ltr'><strong>uxoris</strong></span> <span class='ocrx_word' id='word_1_230' title='bbox 865 4477 946 4525; x_wconf 85' lang='lat' dir='ltr'><strong>mee</strong></span> <span class='ocrx_word' id='word_1_231' title='bbox 958 4454 1046 4525; x_wconf 87' lang='lat' dir='ltr'><strong>Sare</strong></span> <span class='ocrx_word' id='word_1_232' title='bbox 1064 4472 1102 4525; x_wconf 83' lang='lat' dir='ltr'><strong>et</strong></span> <span class='ocrx_word' id='word_1_233' title='bbox 1116 4455 1277 4524; x_wconf 89' lang='lat' dir='ltr'><strong>omnium</strong></span> <span class='ocrx_word' id='word_1_234' title='bbox 1291 4448 1549 4523; x_wconf 80' lang='lat' dir='ltr'><strong>anteceisornm</strong></span> <span class='ocrx_word' id='word_1_235' title='bbox 1563 4475 1724 4523; x_wconf 88' lang='lat' dir='ltr'><strong>meorum</strong></span> <span class='ocrx_word' id='word_1_236' title='bbox 1738 4463 1776 4524; x_wconf 91' lang='lat' dir='ltr'><strong>et</strong></span> 
     </span>
     <span class='ocr_line' id='line_1_24' title="bbox 323 4587 1774 4686; baseline -0.002 -24"><span class='ocrx_word' id='word_1_237' title='bbox 323 4590 555 4665; x_wconf 82' lang='lat' dir='ltr'><strong>suoceffomm</strong></span> <span class='ocrx_word' id='word_1_238' title='bbox 569 4596 606 4664; x_wconf 94' lang='lat' dir='ltr'><strong>in</strong></span> <span class='ocrx_word' id='word_1_239' title='bbox 620 4594 769 4665; x_wconf 89' lang='lat' dir='ltr'><strong>liberam</strong></span> <span class='ocrx_word' id='word_1_240' title='bbox 788 4605 825 4663; x_wconf 87' lang='lat' dir='ltr'><strong>et</strong></span> <span class='ocrx_word' id='word_1_241' title='bbox 842 4599 1055 4686; x_wconf 88' lang='lat' dir='ltr'><strong>perpetuam</strong></span> <span class='ocrx_word' id='word_1_242' title='bbox 1070 4587 1300 4661; x_wconf 71' lang='lat' dir='ltr'><strong>elemosinam</strong></span> <span class='ocrx_word' id='word_1_243' title='bbox 1351 4589 1473 4673; x_wconf 86' lang='lat' dir='ltr'><strong>Quare</strong></span> <span class='ocrx_word' id='word_1_244' title='bbox 1487 4590 1568 4660; x_wconf 83' lang='lat' dir='ltr'><strong>volo</strong></span> <span class='ocrx_word' id='word_1_245' title='bbox 1585 4599 1628 4659; x_wconf 92' lang='lat' dir='ltr'><strong>ut</strong></span> <span class='ocrx_word' id='word_1_246' title='bbox 1644 4591 1774 4682; x_wconf 85' lang='lat' dir='ltr'><strong>prefati</strong></span> 
     </span>
     <span class='ocr_line' id='line_1_25' title="bbox 321 4724 1776 4824; baseline -0.004 -22"><span class='ocrx_word' id='word_1_247' title='bbox 321 4732 484 4802; x_wconf 91' lang='lat' dir='ltr'><strong>canonici</strong></span> <span class='ocrx_word' id='word_1_248' title='bbox 510 4732 686 4824; x_wconf 85' lang='lat' dir='ltr'><strong>prefatam</strong></span> <span class='ocrx_word' id='word_1_249' title='bbox 703 4740 837 4802; x_wconf 89' lang='lat' dir='ltr'><strong>terram</strong></span> <span class='ocrx_word' id='word_1_250' title='bbox 856 4737 1006 4801; x_wconf 89' lang='lat' dir='ltr'><strong>teneant</strong></span> <span class='ocrx_word' id='word_1_251' title='bbox 1024 4729 1069 4798; x_wconf 89' lang='lat' dir='ltr'><strong>de</strong></span> <span class='ocrx_word' id='word_1_252' title='bbox 1086 4750 1146 4797; x_wconf 89' lang='lat' dir='ltr'><strong>me</strong></span> <span class='ocrx_word' id='word_1_253' title='bbox 1164 4736 1201 4797; x_wconf 90' lang='lat' dir='ltr'><strong>ct</strong></span> <span class='ocrx_word' id='word_1_254' title='bbox 1218 4724 1412 4817; x_wconf 84' lang='lat' dir='ltr'><strong>heredibus</strong></span> <span class='ocrx_word' id='word_1_255' title='bbox 1429 4729 1520 4797; x_wconf 87' lang='lat' dir='ltr'><strong>meis</strong></span> <span class='ocrx_word' id='word_1_256' title='bbox 1538 4729 1590 4797; x_wconf 88' lang='lat' dir='ltr'><strong>ita</strong></span> <span class='ocrx_word' id='word_1_257' title='bbox 1607 4726 1720 4796; x_wconf 87' lang='lat' dir='ltr'><strong>libere</strong></span> <span class='ocrx_word' id='word_1_258' title='bbox 1737 4738 1776 4797; x_wconf 89' lang='lat' dir='ltr'><strong>et</strong></span> 
     </span>
     <span class='ocr_line' id='line_1_26' title="bbox 322 4848 1774 4961; baseline -0.003 -23"><span class='ocrx_word' id='word_1_259' title='bbox 322 4870 445 4960; x_wconf 86' lang='lat' dir='ltr'><strong>quiete</strong></span> <span class='ocrx_word' id='word_1_260' title='bbox 462 4868 623 4961; x_wconf 81' lang='lat' dir='ltr'><strong>plenarie</strong></span> <span class='ocrx_word' id='word_1_261' title='bbox 640 4878 679 4939; x_wconf 86' lang='lat' dir='ltr'><strong>et</strong></span> <span class='ocrx_word' id='word_1_262' title='bbox 695 4867 889 4940; x_wconf 87' lang='lat' dir='ltr'><strong>honorifice</strong></span> <span class='ocrx_word' id='word_1_263' title='bbox 906 4864 997 4938; x_wconf 89' lang='lat' dir='ltr'><strong>ficut</strong></span> <span class='ocrx_word' id='word_1_264' title='bbox 1015 4864 1134 4957; x_wconf 88' lang='lat' dir='ltr'><strong>aliqua</strong></span> <span class='ocrx_word' id='word_1_265' title='bbox 1151 4848 1285 4934; x_wconf 68' lang='lat' dir='ltr'><strong>domus</strong></span> <span class='ocrx_word' id='word_1_266' title='bbox 1302 4861 1465 4957; x_wconf 87' lang='lat' dir='ltr'><strong>religiosa</strong></span> <span class='ocrx_word' id='word_1_267' title='bbox 1490 4865 1528 4932; x_wconf 92' lang='lat' dir='ltr'><strong>in</strong></span> <span class='ocrx_word' id='word_1_268' title='bbox 1554 4873 1633 4933; x_wconf 89' lang='lat' dir='ltr'><strong>tota</strong></span> <span class='ocrx_word' id='word_1_269' title='bbox 1650 4862 1774 4935; x_wconf 85' lang='lat' dir='ltr'><strong>Scotia</strong></span> 
     </span>
     <span class='ocr_line' id='line_1_27' title="bbox 320 5001 1775 5099; baseline -0.003 -22"><span class='ocrx_word' id='word_1_270' title='bbox 320 5006 364 5077; x_wconf 88' lang='lat' dir='ltr'><strong>de</strong></span> <span class='ocrx_word' id='word_1_271' title='bbox 382 5004 502 5099; x_wconf 87' lang='lat' dir='ltr'><strong>aliquo</strong></span> <span class='ocrx_word' id='word_1_272' title='bbox 520 5006 653 5077; x_wconf 90' lang='lat' dir='ltr'><strong>barone</strong></span> <span class='ocrx_word' id='word_1_273' title='bbox 671 5005 816 5077; x_wconf 89' lang='lat' dir='ltr'><strong>liberius</strong></span> <span class='ocrx_word' id='word_1_274' title='bbox 843 5013 881 5076; x_wconf 88' lang='lat' dir='ltr'><strong>et</strong></span> <span class='ocrx_word' id='word_1_275' title='bbox 903 5004 1061 5096; x_wconf 86' lang='lat' dir='ltr'><strong>quietius</strong></span> <span class='ocrx_word' id='word_1_276' title='bbox 1087 5002 1270 5095; x_wconf 86' lang='lat' dir='ltr'><strong>plenarius</strong></span> <span class='ocrx_word' id='word_1_277' title='bbox 1294 5010 1395 5073; x_wconf 88' lang='lat' dir='ltr'><strong>tenet</strong></span> <span class='ocrx_word' id='word_1_278' title='bbox 1417 5011 1455 5072; x_wconf 89' lang='lat' dir='ltr'><strong>et</strong></span> <span class='ocrx_word' id='word_1_279' title='bbox 1479 5001 1775 5073; x_wconf 88' lang='lat' dir='ltr'><strong>honorificentius</strong></span> 
     </span>
    </p>
   </div>
   <div class='ocr_carea' id='block_1_8' title="bbox 0 0 2464 6507">
    <p class='ocr_par' dir='ltr' id='par_1_8' title="bbox 0 0 2464 6507">
     <span class='ocr_line' id='line_1_28' title="bbox 0 0 2464 6507; baseline 0 0"><span class='ocrx_word' id='word_1_280' title='bbox 0 0 2464 6507; x_wconf 95' lang='lat' dir='ltr'><strong> </strong></span> 
     </span>
    </p>
   </div>
  </div>
 </body>
</html>
