4917 6509
648 829 694 901 τι
944 775 947 793 ’
1159 816 1316 890 omns
1342 816 1590 891 soonssrs
1926 840 2003 892 ιιι.
2022 842 2109 893 ιιιι.

647 1020 882 1115 plurimorum
902 1015 1160 1112 Episcoporum
1181 1015 1498 1093 Dnnkeldensrum
1523 1012 1807 1113 predecessorum
1824 1016 2027 1091 nostrorum
2045 1020 2110 1091 Ri-

649 1161 745 1231 cardi
759 1159 929 1231 videlicet
942 1156 967 1227 J
969 1156 1119 1229 ohannis
1133 1155 1311 1229 ·Gilberti
1323 1194 1333 1211 ·
1346 1154 1502 1228 Gslfridi
1514 1150 1755 1228 concelliones
1768 1167 1807 1227 et
1819 1157 2110 1230 confirmationes

649 1294 865 1369 monasterio
883 1297 928 1368 de
946 1294 1065 1369 Scons
1082 1304 1120 1367 et
1138 1296 1319 1368 canonicis
1335 1293 1470 1366 ibidem
1488 1292 1556 1363 deo
1574 1289 1812 1365 servientibus
1822 1303 1862 1365 et
1873 1290 2057 1367 servituris
2073 1297 2109 1366 in

651 1444 865 1530 perpetuum
880 1434 989 1505 fasee
1003 1430 1107 1526 super
1124 1428 1283 1505 ecclesiis
1300 1432 1347 1503 de
1365 1430 1466 1525 Logy
1480 1430 1612 1502 mehcd
1624 1432 1663 1503 in
1677 1430 1844 1503 Athollis
1859 1442 1899 1504 et
1916 1433 1962 1504 de
1975 1431 2113 1528 Rogor·

652 1585 763 1647 teuen
782 1576 820 1643 in
834 1572 1032 1644 Stermnnd
1047 1594 1130 1643 cum
1145 1569 1292 1663 capellis
1306 1611 1314 1627 ·
1329 1569 1478 1641 decimis
1494 1607 1504 1623 ·
1521 1570 1626 1641 terris
1643 1610 1652 1625 ·
1671 1564 1936 1663 possessionibus
1950 1570 2114 1642 Restitu-

653 1712 797 1783 dinibus
814 1708 1092 1781 obventionibus
1109 1746 1117 1763 ·
1135 1708 1379 1779 oblationibus
1396 1714 1433 1777 et
1449 1704 1528 1801 [81⁰⁴
1545 1707 1700 1804 rdsnpru
1717 1706 1768 1779 N.
1788 1704 1890 1800 100,]
1909 1709 1947 1779 in
1964 1708 2052 1779 villo
2066 1709 2114 1779 de

654 1848 829 1921 Dunkeld
842 1870 950 1941 quam
964 1848 1016 1917 eis
1029 1844 1185 1916 contulit
1195 1845 1291 1916 bone
1301 1844 1475 1915 memorie
1486 1842 1671 1915 Gslfridus
1685 1842 1882 1939 Episcopus
1894 1841 2115 1940 predecessor

653 1984 774 2059 noster
782 1983 847 2056 fibi
858 1986 1033 2095 adomino
1042 1981 1254 2055 Alexandro
1265 1982 1367 2077 Rege
1376 1979 1546 2054 collatam
1556 1990 1752 2073 antequam
1762 1977 1848 2054 esset
1858 1982 2115 2077 degremioec·

655 2122 761 2197 clesre
772 2116 1040 2223 Dunkeldenfis
1052 2128 1089 2191 et
1100 2128 1295 2213 antequam
1307 2120 1440 2191 dictam
1451 2118 1575 2189 villam
1585 2116 1817 2214 Episcopatui
1828 2121 1924 2192 idem
1936 2120 2019 2193 Rex
2032 2144 2116 2194 con·

656 2257 792 2333 tulisset
807 2258 1006 2329 Reddendo
1020 2257 1105 2328 inde
1118 2258 1306 2327 annuatim
1320 2252 1470 2327 ecclesie
1484 2252 1734 2327 Dunkeldensr
1747 2256 1792 2327 nd
1805 2252 1937 2327 festum
1949 2254 2117 2351 Assump-

657 2400 766 2471 tionis
788 2399 895 2470 beate
920 2396 1039 2468 Meris
1056 2396 1204 2490 virginis
1220 2418 1331 2466 unam
1350 2393 1478 2466 librum
1495 2388 1630 2464 ineenfi
1649 2394 1695 2464 ud
1712 2390 1969 2465 incensandum
1986 2416 2116 2489 corpus

657 2534 790 2610 christi
811 2538 849 2607 in
871 2534 1073 2606 elevatione
1095 2571 1103 2589 -
1125 2531 1170 2603 111
1197 2534 1278 2605 eeu
1297 2531 1367 2603 nei
1395 2526 1541 2600 testicm
1558 2511 1679 2625 tireno
1698 2526 1829 2622 scripto
1855 2525 2011 2625 sigillum
2032 2540 2114 2603 erm

657 2698 731 2747 une
753 2680 798 2746 cir
816 2668 931 2767 figillo
945 2669 1095 2763 capituli
1117 2664 1385 2741 Dunkeldensrs
1409 2668 1561 2739 fecimus
1584 2666 1716 2759 apponi
1738 2664 1814 2738 Dal
1837 2668 1933 2760 apud
1957 2664 2117 2742 Insulam

659 2812 731 2885 see
741 2810 871 2883 coldbe
881 2811 919 2880 in
933 2804 1065 2879 csstino
1083 2778 1207 2878 cillum
1221 2804 1333 2877 Anno
1349 2806 1465 2901 gretie
1481 2804 1539 2883 ίῐΥ
1553 2844 1561 2861 ·
1575 2826 1617 2875 cc
1633 2841 1641 2857 ·
1655 2798 1875 2898 sexagesimo
1888 2806 1997 2877 tertio
2012 2802 2118 2877 Teste

661 2948 819 3043 capitulo
837 2986 845 3003 ·

661 3225 771 3296 Carta
789 3222 922 3317 Rogeri
940 3220 985 3291 de
1004 3218 1127 3313 Derby
1145 3219 1190 3290 de
1203 3240 1325 3289 annno
1341 3216 1485 3287 redditu

570 3490 635 3557 1¹1
665 3474 859 3573 Omnibus
888 3492 1009 3567 sense
1036 3494 1164 3565 metris
1190 3487 1340 3565 ecclesie
1366 3490 1450 3563 filiis
1479 3492 1525 3563 ad
1552 3513 1641 3583 quos
1671 3489 1817 3584 presens
1845 3490 2015 3587 scriptum
2043 3518 2123 3589 per·

663 3636 837 3711 venerit·
864 3633 1028 3727 segerus
1055 3630 1102 3702 de
1130 3629 1255 3723 Derby
1280 3630 1474 3701 canonicus
1498 3623 1649 3701 ecclesie
1674 3626 1944 3702 Dunlreldenfis
1970 3628 2123 3705 sulutem

665 3785 828 3848 eternum
846 3773 883 3843 in
902 3770 1047 3841 domino
1066 3805 1075 3822 ·
1095 3765 1253 3838 Noverit
1269 3762 1481 3839 universitas
1497 3763 1615 3837 vestre
1629 3788 1690 3836 me
1715 3766 1754 3836 in
1778 3765 1874 3837 bona
1888 3764 2123 3861 prosperitate
2169 3800 2175 3811 ·

665 3936 747 3984 mes
764 3904 1000 3983 constitutum
1018 3929 1082 3999 pro
1100 3901 1216 3976 salute
1233 3905 1353 3975 anime
1370 3926 1452 3975 mee
1477 3898 1609 3973 dedisse
1626 3897 1828 3975 concedisse
1843 3903 1967 3976 ebbuti
1984 3914 2023 3977 et
2039 3930 2124 3979 cou-

667 4050 792 4122 ventui
815 4046 861 4117 dc
885 4044 1005 4116 Soonn
1034 4052 1155 4115 totum
1180 4041 1286 4113 illum
1310 4062 1472 4150 annuum
1498 4038 1698 4111 Redditum
1724 4062 1831 4131 quem
1856 4043 2017 4136 recipere
2041 4069 2126 4117 con.

667 4185 764 4258 suevi
783 4206 846 4277 pro
865 4181 1020 4275 quodam
1038 4180 1131 4251 tosto
1156 4180 1193 4250 in
1211 4177 1299 4249 villa
1323 4177 1369 4249 de
1395 4174 1619 4269 Dunkeldyn
1636 4176 1733 4269 quod
1749 4177 1860 4250 habui
1877 4179 1923 4251 de
1940 4180 2034 4254 dono
2052 4183 2125 4255 dic·

668 4286 946 4395 torumabbatis
964 4326 1002 4389 et
1019 4326 1241 4389 conventus!
1253 4340 1295 4388 oc
1308 4313 1450 4388 eosdem
1468 4312 1675 4386 ndtomntns
1687 4337 1788 4387 meos
1805 4315 1851 4387 nd
1867 4314 1972 4387 illum
1992 4316 2125 4390 Reddi·

670 4471 749 4531 tum
761 4456 948 4529 annuatim
963 4454 1233 4547 percipiendum
1247 4453 1293 4524 ub
1306 4448 1488 4547 assignatis
1503 4453 1594 4523 meis
1607 4452 1744 4523 dicum
1761 4452 1897 4525 tostum
1914 4457 2124 4527 tenentibus

670 4601 707 4669 in
726 4602 942 4690 perpetuum
959 4586 1178 4662 constituisse
1204 4591 1257 4661 ita
1281 4586 1418 4661 scilicet
1438 4589 1534 4681 quod
1560 4586 1647 4661 dicti
1672 4588 1783 4661 abbas
1807 4598 1847 4661 et
1872 4600 2072 4663 conventus
2089 4594 2126 4663 in

672 4736 747 4805 vita
763 4754 845 4803 mee
861 4728 1003 4801 nullum
1020 4724 1085 4799 srbi
1103 4728 1158 4799 ius
1176 4728 1214 4798 in
1233 4725 1330 4800 disto
1343 4726 1437 4799 tofto
1454 4725 1649 4797 vendicent
1659 4722 1729 4797 nist
1741 4727 1833 4799 duos
1844 4723 1975 4799 solidos
1990 4752 2128 4801 annuos

672 4883 710 4944 et
726 4867 922 4963 hospitium
945 4868 982 4937 in
1009 4888 1080 4958 quo
1106 4888 1189 4936 cum
1215 4864 1350 4935 ibidem
1375 4864 1541 4935 venerint
1565 4863 1711 4935 vclesnt
1735 4861 1906 4958 hospitari
1932 4862 2129 4939 secundum

674 5008 768 5101 quod
786 5004 927 5100 plenius
944 5002 1152 5075 continetur
1174 5002 1211 5073 in
1237 5000 1349 5073 Curta
1364 4998 1541 5073 didiorum
1567 5000 1708 5073 nbbntis
1733 5010 1772 5073 et
1796 5009 1997 5075 conventus
2022 5026 2130 5096 quum
