4917 6509
345 872 430 923 nno.
451 872 562 923 snex.
583 872 623 922 11.
760 848 797 921 S.
823 845 1123 921 TRINITATIS
1149 847 1219 919 DE
1246 846 1393 921 SCON.
1757 852 1802 921 65

342 1074 407 1156 per
432 1053 593 1145 proprios
618 1049 809 1121 eanonioos
835 1048 970 1120 faciant
995 1044 1163 1119 deserviri
1202 1046 1320 1120 Salvis
1345 1045 1603 1141 episcopalibus
1630 1047 1802 1120 Preterea

341 1187 593 1259 confirmamus
623 1184 756 1259 eisdem
786 1193 921 1258 terrem
954 1184 1053 1256 illam
1084 1185 1122 1254 in
1152 1183 1240 1256 villa
1268 1185 1314 1256 de
1344 1184 1577 1260 Dunkelden.
1608 1210 1716 1279 quam
1747 1190 1800 1259 eis

342 1322 561 1397 contulimus
578 1325 682 1395 nobis
707 1346 730 1395 a
754 1324 900 1395 domino
918 1321 1129 1394 Alexandro
1146 1345 1232 1417 rege
1249 1322 1419 1393 collatam
1437 1331 1632 1415 antequam
1649 1322 1801 1397 essemus

342 1464 388 1535 de
403 1465 540 1557 gremio
558 1458 707 1535 eoeleste
724 1456 994 1533 Dunkeldensrs
1012 1469 1050 1532 et
1067 1471 1267 1553 antequam
1282 1460 1414 1530 dittsm
1428 1460 1552 1531 villam
1569 1460 1800 1555 Episcopatui

305 1590 306 1595 ἵ
342 1601 438 1671 idem
454 1624 520 1672 rex
533 1596 740 1679 contulisset
790 1599 991 1671 Reddendo
1009 1598 1093 1670 inde
1111 1599 1301 1669 annuatim
1318 1594 1468 1669 eoeleste
1486 1596 1737 1671 Dunkeldenfi
1755 1602 1800 1672 ad

342 1706 472 1809 festum
495 1732 742 1831 assumptionis
767 1738 874 1808 beate
900 1735 1021 1807 Merie
1046 1736 1194 1830 virginis
1221 1716 1332 1805 unum
1359 1736 1488 1807 libram
1516 1732 1649 1809 incensi
1675 1740 1720 1809 ad
1747 1740 1802 1808 in-

200 1887 208 1908 ·
342 1874 560 1947 censendum
578 1898 706 1970 eorpus
724 1872 857 1946 Christi
873 1874 911 1945 in
930 1872 1133 1945 elevatione
1183 1869 1349 1945 'lestibue
1461 1965 1463 1968 Ι

342 2150 452 2223 Bulla
469 2150 622 2222 Honorii
641 2150 739 2243 Papo
756 2150 802 2221 de
820 2150 1013 2221 eximendo
1030 2147 1177 2220 Abbete
1195 2171 1217 2218 a
1234 2144 1557 2222 Commiffionibus.

109 2479 113 2488 .
250 2430 314 2495 101
340 2404 550 2499 Honorius
578 2423 763 2520 episeopus
789 2423 910 2496 servus
935 2422 1117 2496 servorum
1136 2426 1194 2495 dei
1212 2424 1343 2495 dileuo
1366 2423 1441 2495 filio
1459 2424 1597 2497 Abbati
1621 2426 1667 2496 de
1686 2424 1804 2497 Soona

342 2564 495 2638 salutem
513 2574 551 2636 et
569 2560 799 2659 apostolieum
822 2563 1110 2635 benedittionem
1162 2561 1198 2632 A
1216 2562 1320 2633 nobis
1340 2525 1538 2635 humiliter·
1552 2562 1736 2657 postulasti
1761 2574 1803 2635 ut

343 2727 425 2775 oum
445 2726 518 2774 non
534 2703 668 2773 habeas
686 2698 939 2794 iurisperitiam
957 2708 996 2771 et
1013 2709 1160 2794 propter
1176 2700 1394 2771 iudiciorum
1410 2695 1599 2794 strepitum
1617 2704 1804 2796 contingat

342 2840 461 2913 sande
479 2839 795 2933 contemplationis
813 2840 850 2909 in
868 2848 907 2909 te
924 2840 1040 2909 otium
1062 2837 1227 2931 impediri
1247 2839 1408 2907 eximere
1425 2847 1464 2908 te
1481 2862 1503 2909 a
1519 2836 1804 2910 commissionum

342 2974 544 3052 nostrarum
573 2974 816 3048 sollieitudine
846 2976 1077 3070 dignaremur
1123 2973 1203 3045 Nos
1234 2974 1344 3067 igitur
1378 2975 1451 3044 tuis
1485 2970 1804 3069 supplicationibus

343 3122 546 3187 annuentes
563 3114 748 3183 devotioni
765 3120 830 3183 tue
847 3100 1061 3183 audoritute
1074 3108 1295 3204 presentium
1312 3110 1543 3205 indulgemus
1560 3135 1607 3182 ne
1628 3136 1693 3205 per
1709 3136 1804 3183 eom-

343 3246 525 3323 misliones
541 3246 679 3322 nostres
702 3272 790 3341 quaa
808 3248 853 3319 de
871 3256 992 3320 eetero
1018 3248 1064 3320 ad
1090 3256 1128 3320 te
1155 3250 1349 3343 eontigerit
1366 3251 1549 3341 impetrari
1576 3273 1649 3321 non
1675 3248 1741 3321 nisr
1759 3254 1805 3323 de

343 3388 572 3482 indulgentie
596 3383 799 3480 hujusmodi
826 3354 1052 3459 mentionem
1085 3386 1238 3458 iecerint
1266 3386 1462 3479 procedere
1489 3392 1647 3459 tenearis
1700 3388 1804 3459 Nulli

345 3549 431 3622 ergo
457 3527 603 3597 omnino
626 3525 815 3595 hominum
842 3523 951 3595 lireet
968 3522 1061 3595 hano
1086 3524 1254 3617 paginam
1282 3517 1401 3593 nostre
1424 3519 1656 3595 oonoeffionis
1681 3526 1807 3596 infrin-

344 3688 428 3759 gere
446 3664 504 3735 vel
522 3665 556 3735 ei
574 3660 661 3735 ausu
685 3663 877 3733 temerario
894 3660 1074 3732 contraire
1091 3659 1130 3731 Si
1150 3660 1231 3752 quis
1248 3668 1373 3731 autem
1398 3660 1467 3731 hoe
1484 3668 1703 3755 attemptare
1728 3686 1808 3756 pre·

345 3800 534 3896 sumpserit
558 3800 846 3894 indignationem
872 3799 1135 3891 omnipotentis
1158 3798 1217 3869 dei
1251 3808 1290 3867 et
1313 3798 1502 3869 beatorum
1528 3802 1622 3892 petri
1647 3813 1685 3871 et
1707 3802 1806 3895 pauli

346 3935 586 4033 apostolorum
621 3938 697 4028 ejus
732 3933 768 4007 se
799 3937 941 4007 noverit
975 3932 1199 4007 incursurum
1262 3932 1337 4005 nat
1368 3931 1463 4005 neat
1491 3957 1540 4004 xv
1575 3932 1617 4004 ki
1651 3935 1806 4031 Augusti

346 4044 584 4149 Pontificatus
602 4071 710 4168 nostrj
729 4096 824 4146 anno
841 4096 947 4144 nono.

347 4352 456 4423 Bulla
473 4350 628 4422 Honorii
642 4349 741 4442 Pape
755 4348 980 4419 inhibitionis
998 4355 1036 4417 et
1054 4347 1336 4419 confirmationis
1353 4342 1514 4418 Euolefie
1531 4350 1576 4419 de
1593 4348 1806 4421 Cherintun.

254 4628 323 4694 109
346 4601 552 4699 Honorius
576 4619 774 4716 Episcopus
796 4617 918 4692 servus
942 4616 1125 4691 servorum
1148 4616 1220 4690 Dei
1245 4619 1490 4723 diletisfiliis
1513 4622 1636 4695 abbati
1662 4633 1700 4695 et
1723 4649 1807 4695 oon-

348 4764 474 4837 rentui
499 4763 545 4834 de
569 4760 689 4832 Seona
711 4758 846 4829 ordinis
864 4756 985 4829 Sardi
1004 4752 1199 4851 Augustini
1223 4754 1376 4828 salutem
1394 4768 1432 4829 et
1449 4754 1680 4851 apostolicam
1697 4761 1807 4833 bene-

348 4903 541 4975 diuionem
575 4896 670 4969 Cum
688 4920 710 4969 a
726 4896 830 4967 nobis
847 4896 987 4990 petitur
1012 4894 1108 4986 quod
1123 4891 1263 4986 justum
1281 4893 1334 4968 est
1351 4906 1390 4967 et
1406 4892 1596 4969 honestum
1614 4907 1689 4969 tam
1707 4903 1809 4995 vigor

349 5039 520 5133 equitatis
539 5057 647 5129 quam
666 5033 753 5105 ordo
772 5033 889 5127 exigit
914 5032 1064 5103 rationis
1098 5040 1141 5102 ut
1159 5033 1194 5102 id
1213 5056 1285 5125 per.
1296 5029 1562 5105 solicitudinem
1579 5035 1685 5129 offioij
1702 5034 1810 5109 nostri

1037 5176 1050 5224 1
