4917 6509
685 814 729 889 96
1195 807 1352 880 LIBER
1378 807 1626 881 occussis
1952 828 2029 881 ssc.
2048 829 2136 880 xiii.

684 1011 769 1082 dree
787 1005 1014 1105 Glasgueusis
1040 1006 1308 1081 Dunkeldensis
1330 1006 1596 1081 Duublanensis
1614 1015 1652 1079 et
1670 1002 1879 1079 Sodoreusis
1904 1003 2137 1081 ecclesiarum

684 1150 741 1219 dei
760 1149 875 1243 gratia
892 1144 1064 1241 episcopis
1089 1144 1276 1219 Bemardo
1293 1146 1426 1219 abbate
1443 1146 1488 1217 de
1506 1143 1751 1217 Abirbrothoc
1768 1145 1994 1219 Cancellario
2019 1143 2138 1219 nostro

685 1282 830 1356 Malisio
864 1286 996 1355 comite
1030 1285 1075 1355 de
1110 1283 1303 1355 Strathern
1345 1283 1503 1356 Patricio
1538 1285 1584 1355 de
1619 1280 1771 1355 Dunbar
1803 1287 1937 1356 comite
1971 1284 2137 1357 Marchie

686 1422 844 1518 Hugone
870 1422 1003 1493 comite
1029 1423 1075 1493 de
1101 1419 1191 1492 Ross
1213 1419 1382 1492 Waltero
1407 1418 1612 1493 Senescallo
1636 1420 1760 1493 Scotie
1776 1421 1914 1493 Jacobo
1931 1423 2076 1494 domino
2093 1424 2139 1495 de

686 1560 824 1655 Duglas
849 1559 1016 1632 Gilberto
1042 1560 1087 1629 de
1118 1558 1225 1651 Haya
1250 1552 1523 1630 Constabulario
1552 1555 1674 1629 nostro
1703 1570 1742 1630 et
1772 1557 1984 1633 Alexandro
2014 1560 2139 1635 Fraser

686 1698 890 1771 Camerario
908 1694 1027 1767 nostro
1045 1696 1222 1767 militibus
1240 1694 1352 1789 Apud
1370 1695 1526 1768 Seonam
1543 1698 1659 1791 primo
1677 1697 1736 1767 dic
1762 1696 1890 1769 Martii
1908 1697 2019 1769 Anno
2035 1702 2137 1795 regni

685 1832 796 1907 nostri
813 1831 991 1905 vicesimo.

687 2110 796 2182 Carta
814 2110 966 2181 Roberti
985 2109 1095 2204 Regis
1113 2110 1157 2181 de
1175 2110 1324 2181 decimis
1341 2109 1521 2181 lucrorum
1539 2118 1578 2181 et
1595 2107 1826 2183 escaetarum.

587 2387 656 2456 130
688 2364 885 2460 Robertus
904 2386 961 2457 dei
978 2386 1094 2479 gratia
1111 2384 1193 2455 Rex
1212 2383 1423 2457 Scottorum
1445 2382 1651 2458 Justiciario
1673 2411 1720 2458 ex
1745 2398 1849 2482 parte
1874 2390 2008 2464 boreali
2033 2398 2142 2467 maris

690 2528 816 2601 Scocie
840 2534 878 2596 et
899 2523 1118 2595 Vioecomiti
1137 2523 1181 2593 de
1200 2522 1312 2593 Parth
1338 2546 1380 2593 ac
1406 2521 1547 2594 ballivis
1564 2521 1635 2594 suis
1661 2526 1707 2596 de
1723 2526 1858 2598 Goreri
1884 2532 1945 2621 qui
1967 2554 2032 2625 pro
2049 2541 2143 2603 tein-

685 2688 771 2759 pore
796 2664 933 2735 suerint
958 2660 1112 2733 salutem
1137 2660 1234 2747 Quia
1259 2683 1324 2754 per
1352 2662 1485 2733 bonam
1515 2671 1553 2732 et
1581 2662 1728 2733 fidelem
1757 2659 1893 2737 allisam
1920 2667 2052 2741 facum
2078 2694 2143 2764 per

685 2804 815 2895 probos
833 2810 871 2873 et
889 2799 1013 2872 fideles
1029 2800 1194 2871 homines
1206 2800 1324 2891 patrie
1341 2822 1459 2870 coram
1473 2798 1612 2871 Thema
1623 2800 1808 2897 Ranulphi
1824 2806 1958 2877 comite
1975 2806 2143 2880 Moravie

686 2952 724 3011 et
742 2941 888 3010 domino
907 2937 1009 3009 vallis
1028 2930 1223 3007 Adnandie
1241 2943 1280 3006 et
1300 2934 1452 3007 Mannie
1469 2932 1674 3010 Justician'o
1691 2937 1811 3011 nostre
1828 2965 1875 3013 ex
1889 2956 1991 3036 parte
2007 2945 2141 3019 boreali
2276 3020 2280 3026 .

687 3080 795 3151 maris
819 3076 946 3149 Scocie
972 3074 1159 3145 evidenter
1184 3075 1310 3145 extitit
1337 3085 1563 3169 compertum
1588 3076 1683 3167 quod
1709 3075 1862 3173 religiosi
1878 3083 1945 3152 riri
1970 3084 2080 3157 abbas
2104 3096 2143 3157 et

687 3223 888 3289 conventus
914 3214 959 3285 de
985 3210 1104 3286 Scona
1130 3222 1294 3305 tempore
1319 3212 1414 3283 bone
1439 3213 1613 3284 memorie
1638 3211 1788 3287 Domini
1805 3216 2006 3291 Alexandri
2032 3220 2143 3318 Regis

690 3354 813 3426 Scotie
840 3346 1089 3446 predecessoris
1119 3345 1232 3420 nostri
1258 3348 1389 3420 ultimo
1414 3350 1574 3421 deuincti
1602 3347 1722 3424 vestiti
1748 3363 1787 3425 et
1811 3352 1905 3427 sasiti
1932 3358 2080 3432 fuerunt
2105 3363 2143 3431 in

689 3514 815 3585 puram
833 3498 871 3560 et
889 3496 1099 3581 perpetuam
1118 3483 1350 3559 elemosinam
1368 3488 1413 3557 de
1430 3486 1578 3557 decimis
1596 3490 1757 3561 omnium
1774 3490 1955 3565 lucrorum
1972 3506 2011 3568 et
2027 3496 2144 3571 escae-

689 3640 809 3701 tarum
835 3634 912 3697 tam
939 3626 984 3695 de
1009 3624 1152 3717 placitis
1176 3619 1381 3696 Justiciarie
1403 3626 1442 3695 in
1466 3623 1601 3696 Goreri
1619 3649 1728 3718 quam
1745 3628 2033 3705 Vicecemitatus
2052 3636 2145 3730 ejus-

632 3782 643 3801 ·
690 3767 772 3837 dem
799 3764 915 3837 Vobis
938 3734 1150 3833 mandamus
1173 3770 1211 3831 et
1237 3762 1454 3854 precipimus
1480 3766 1650 3855 quatinus
1675 3765 1787 3837 dictas
1812 3768 1968 3841 decimas
1993 3774 2144 3865 prefatis

690 3899 862 3998 religiosis
888 3908 926 3971 et
954 3921 1079 3969 eorum
1105 3893 1356 3969 successoribus
1373 3894 1521 3994 singulis
1537 3904 1640 3973 aunis
1656 3900 1807 3996 persolvi
1823 3905 1963 3979 faciatis
1980 3910 2145 4006 inperpe-

691 4056 796 4114 tuum
814 4038 864 4109 Et
882 4037 977 4131 quod
994 4038 1032 4107 in
1049 4037 1117 4107 hoc
1135 4032 1369 4129 apposueritis
1385 4036 1487 4108 vobis
1513 4038 1550 4108 in
1575 4042 1750 4133 compotis
1773 4038 1897 4115 vestris
1923 4048 2052 4119 annuis
2068 4047 2145 4142 ple-

691 4183 772 4253 nius
797 4179 970 4251 faciemus
993 4173 1137 4246 allocari
1163 4170 1208 4243 In
1235 4174 1337 4265 cujus
1361 4174 1413 4244 rei
1431 4171 1676 4247 testimonium
1693 4178 1757 4249 has
1774 4177 1896 4253 literas
1912 4180 2049 4257 nostras
2065 4209 2145 4280 per-

691 4328 801 4411 petuo
818 4316 1007 4387 duraturos
1025 4311 1191 4404 predidis
1215 4306 1387 4405 religiosis
1406 4310 1483 4381 fieri
1506 4300 1657 4385 fecimus
1674 4324 1841 4409 patentes
1858 4318 1969 4413 Apud
1987 4322 2142 4397 Soonam

692 4449 857 4527 vicesimo
874 4450 1028 4523 secundo
1047 4450 1105 4521 die
1124 4448 1343 4521 Novembris
1359 4447 1471 4521 Anno
1489 4452 1590 4546 regni
1607 4448 1718 4525 nostri
1735 4466 1863 4547 quarto
1880 4457 2031 4533 decimo.
