4917 6509
271 889 274 897 ¹
326 820 412 873 ars.
431 757 567 875 circs
738 801 776 873 s.
802 799 1101 875 rusurensis
1128 802 1197 875 un
1224 800 1369 875 soon.
1759 810 1780 879 9

212 996 219 1003 ’
263 976 265 981 ¹
324 1000 485 1073 Gouerin
510 1010 587 1073 tarn
613 1002 658 1073 de
679 1002 855 1073 comitatu
881 1024 988 1095 quam
1012 1003 1057 1073 de
1073 1002 1185 1097 regali
1210 1024 1293 1073 meo
1319 1025 1461 1075 necnon
1478 1010 1517 1073 et
1534 1002 1710 1075 decimam
1733 1006 1779 1075 de

242 1124 244 1129 ¹
323 1140 490 1211 omnibus
515 1138 657 1233 placitis
686 1141 777 1211 meis
802 1148 841 1211 et
867 1140 1169 1211 conuentionibus
1194 1142 1233 1210 in
1258 1164 1346 1213 auro
1372 1150 1410 1212 et
1435 1151 1585 1236 argento
1615 1150 1654 1213 et
1680 1144 1778 1212 omni
1918 1196 1921 1203 .

247 1258 257 1375 J
322 1279 476 1369 pecunia
505 1277 550 1349 de
579 1278 704 1375 eadem
736 1276 897 1351 Gouerin
946 1274 1112 1349 Testibus
1138 1276 1334 1373 Engelram
1364 1278 1578 1351 cancellario
1609 1278 1776 1351 Waltero

323 1412 397 1484 filio
415 1412 526 1486 Alani
545 1414 704 1508 dapifero
723 1414 902 1487 Nicbolao
920 1416 1115 1487 camerario
1166 1414 1279 1509 Apud
1297 1414 1483 1488 Striueliu.

323 1688 433 1761 Carta
451 1688 641 1765 Maloolmi
659 1692 754 1785 regis
772 1689 817 1761 de
834 1690 950 1761 tribus
968 1687 1157 1762 Ministris.

275 1934 311 2033 8‘
325 1942 561 2039 Maloolmus
578 1967 661 2039 Rex
678 1965 872 2039 Scotorum
897 1967 1066 2038 omnibus
1087 1968 1207 2060 probis
1230 1966 1436 2039 homiuibus
1457 1971 1571 2040 totius
1594 1979 1689 2041 terre
1713 1968 1776 2041 sne

320 2103 473 2177 salutern
525 2104 656 2177 Sciatis
682 2128 741 2175 me
766 2099 967 2177 conceffille
995 2113 1033 2175 et
1054 2105 1120 2176 bac
1148 2127 1231 2176 mea
1253 2113 1353 2178 carta
1379 2102 1598 2179 confirmasse
1627 2106 1707 2178 Deo
1737 2117 1776 2178 et

322 2239 469 2315 ecclesie
493 2241 623 2314 Sanus
648 2242 835 2314 Trinitatis
859 2242 904 2314 de
930 2240 1026 2314 Scon
1050 2250 1089 2313 et
1114 2241 1238 2314 abbati
1262 2251 1299 2314 et
1320 2246 1503 2315 canonicis
1533 2246 1666 2317 ibidem
1695 2245 1775 2316 Deo

319 2378 557 2454 seruientibus
582 2380 733 2453 liberam
754 2380 939 2451 licentiam
955 2379 1112 2450 habendi
1129 2380 1225 2474 apud
1243 2378 1340 2451 Scon
1357 2390 1431 2453 tres
1445 2378 1624 2453 ministros
1640 2382 1776 2455 scilicet

321 2542 429 2589 vuum
459 2520 601 2592 fabrum
632 2541 743 2589 vnum
780 2517 1008 2613 pelliparium
1043 2526 1081 2589 et
1108 2541 1219 2589 vnum
1246 2517 1406 2591 sutorem
1461 2521 1559 2593 Volo
1585 2524 1709 2615 itaque
1738 2534 1776 2594 et

320 2656 471 2729 firmiter
494 2658 653 2751 precipio
679 2665 720 2728 vt
741 2655 795 2728 illi
818 2665 891 2728 tres
912 2651 1064 2726 ministri
1082 2655 1168 2726 dum
1192 2658 1231 2727 in
1258 2659 1511 2729 canonicorum
1535 2660 1776 2753 predictorum

320 2790 543 2887 perstiterint
570 2797 717 2889 negotio
747 2804 786 2865 et
808 2794 954 2865 seruitio
984 2816 1129 2899 omnem
1158 2793 1366 2867 libertatem
1394 2805 1434 2867 et
1453 2820 1598 2869 omnem
1625 2798 1776 2871 liberam

319 2930 616 3005 consuetudinem
639 2932 798 3003 habeant
821 2934 860 3003 iu
883 2933 998 3027 burgo
1014 2941 1054 3003 et
1076 2940 1181 3003 extra
1201 2933 1357 3028 burgum
1378 2957 1466 3028 quas
1489 2935 1682 3030 burgenses
1703 2942 1775 3009 mei

322 3071 367 3142 de
385 3070 473 3142 Pert
490 3069 620 3141 melius
637 3070 774 3141 habeut
791 3070 828 3140 in
846 3068 959 3163 burgo
985 3091 1066 3140 meo
1084 3070 1129 3140 de
1153 3068 1242 3140 Pert
1259 3069 1320 3141 uel
1338 3078 1443 3142 extra
1494 3071 1630 3144 Nullus
1652 3076 1776 3165 itaque

322 3228 540 3300 quemquam
557 3229 604 3277 ex
621 3208 674 3277 eis
689 3201 820 3277 iniuste
836 3202 943 3299 supra
957 3206 1026 3277 hoc
1045 3201 1222 3276 disturbet
1239 3214 1304 3289 aut
1321 3208 1501 3299 inquietet
1517 3205 1624 3302 super
1636 3210 1776 3282 sirmam

322 3341 565 3418 defensronem
583 3368 702 3415 meam
756 3340 921 3416 Testibus
939 3342 1135 3439 Engelrem
1153 3342 1367 3415 cancellario
1385 3342 1553 3416 Waltero
1571 3344 1646 3417 filio
1664 3346 1774 3419 Alani

325 3483 485 3578 dapifero
535 3480 647 3576 Apud
670 3479 849 3553 Striuilin.
1071 3456 1074 3465 Ι

322 3756 433 3831 Carta
450 3756 639 3829 Maloolmi
656 3756 751 3851 regis
768 3756 814 3827 de
831 3755 931 3827 curia
948 3752 1123 3829 habenda.

274 4000 310 4112 9‘
323 4010 558 4109 Maloolmus
575 4032 658 4105 Rex
676 4031 887 4104 Scottorum
897 4028 1069 4127 episcopis
1082 4030 1273 4104 abbatibus
1289 4034 1467 4126 prioribus
1483 4034 1676 4106 comitibus
1693 4036 1773 4105 bar·

320 4174 450 4247 onibus
473 4167 625 4267 justiciis
653 4170 927 4243 vicecomitibus
956 4164 1144 4265 prepositis
1173 4165 1345 4242 mini-stris
1374 4171 1512 4241 cundcis
1546 4170 1625 4243 aliis
1651 4172 1772 4277 probis

319 4309 524 4383 hominibus
549 4310 663 4380 totius
685 4317 781 4381 terre
805 4304 867 4380 sue
894 4304 1041 4380 Francis
1058 4316 1097 4380 et
1114 4307 1247 4404 Auglls
1272 4306 1410 4380 Scottis
1433 4319 1473 4381 et
1489 4304 1773 4382 Galwelenlibus

319 4446 458 4519 clericis
474 4454 513 4518 et
530 4443 630 4517 laicis
646 4441 798 4516 salutem
841 4442 973 4517 Sciatis
988 4468 1049 4518 me
1065 4440 1266 4518 concellilse
1282 4454 1321 4518 et
1336 4444 1406 4519 hac
1421 4468 1505 4519 mea
1522 4456 1623 4520 carto
1646 4448 1777 4521 confir·

319 4578 428 4657 masse
445 4584 525 4655 Deo
543 4593 582 4656 et
599 4576 749 4655 ecclesie
766 4580 898 4655 Sandoe
914 4581 1101 4657 Trinitatis
1119 4584 1165 4655 de
1190 4582 1288 4656 Scon
1313 4594 1352 4656 et
1378 4586 1501 4658 abbati
1528 4596 1567 4659 et
1591 4588 1773 4658 canonicis

259 4812 265 4820 ι
318 4722 452 4794 ibidem
475 4720 555 4791 Deo
580 4717 820 4792 seruientibus
843 4721 979 4795 curiam
1001 4718 1101 4794 suam
1127 4697 1330 4795 habendam
1351 4724 1389 4793 in
1414 4724 1535 4795 duello
1558 4726 1708 4796 inferro
1733 4727 1772 4795 in

319 4882 412 4953 aqua
429 4881 510 4931 cum
533 4856 701 4929 omnibus
717 4854 945 4930 libertatibus
962 4858 1008 4931 ad
1025 4860 1160 4931 curiam
1177 4856 1424 4954 religiosorum
1449 4858 1540 4934 iuste
1556 4864 1771 4956 pertiuenti-

318 4997 386 5070 bus
403 5020 486 5069 oum
503 4994 672 5069 libertate
687 4992 781 5067 nulli
794 4992 1030 5091 respondendi
1048 5006 1152 5070 extra
1162 4998 1298 5071 curiam
1310 4994 1410 5070 suam
1420 5001 1599 5094 propriam
1635 4999 1771 5075 Nullus

1035 5153 1058 5205 n
