4917 6509
686 777 709 840 4
1192 769 1350 844 LIBER
1376 761 1624 845 nbonnsln
1993 797 2067 848 sno.
2087 789 2158 848 ΧΠ.

687 968 837 1042 ecclesie
862 972 907 1042 de
931 969 1252 1043 consuetudinibus
1282 971 1380 1043 illius
1406 973 1510 1044 ncuis
1539 937 1777 1065 respondeant
1844 969 1949 1046 Teste
1979 973 2141 1048 Robcrto

688 1105 852 1202 episcopo
868 1108 984 1181 elesto
1001 1107 1258 1183 Sandiundree
1275 1118 1314 1181 et
1331 1097 1516 1182 Herberto
1532 1108 1746 1182 cancellario
1798 1108 1910 1204 Apud
1928 1109 2052 1184 Perth.

689 1383 800 1454 Curta
812 1382 1015 1459 Alexandri
1033 1387 1126 1480 regis
1144 1386 1189 1458 de
1207 1386 1306 1457 curie
1323 1382 1496 1458 habende.

646 1654 668 1716 4
692 1637 916 1734 Alexander
932 1622 1003 1732 Dei
1020 1662 1137 1755 gretia
1152 1658 1236 1732 Rex
1254 1658 1446 1740 Scotorum
1473 1658 1647 1754 episcopis
1664 1670 1702 1732 et
1720 1663 1911 1736 comitibus
1938 1687 2078 1758 necnon
2104 1681 2142 1740 ct

691 1802 858 1872 omnibus
875 1798 1041 1870 fidelibus
1059 1798 1174 1869 tocius
1191 1807 1288 1869 terre
1304 1793 1365 1868 sue
1391 1794 1544 1870 sulutem
1595 1797 1726 1870 Sciatis
1751 1821 1811 1872 me
1837 1797 1969 1874 dedisse
1994 1804 2142 1878 ecclesre

692 1937 824 2011 sance
841 1937 1027 2007 Trinitatis
1045 1937 1090 2007 de
1108 1934 1204 2007 Scon
1222 1944 1261 2006 et
1286 1935 1395 2028 priori
1412 1932 1652 2028 fratribusque
1669 1927 1804 2008 ibidem
1822 1929 1890 2008 deo
1902 1937 2141 2014 seruientibus

692 2076 792 2150 suam
816 2079 996 2171 proprium
1013 2077 1147 2147 curium
1166 2072 1305 2147 scilicet
1322 2076 1361 2146 in
1378 2073 1503 2162 duello¹
1518 2075 1556 2145 in
1573 2075 1667 2145 ferro
1686 2078 1723 2145 in
1741 2071 1828 2147 fosso
1844 2086 1882 2147 et
1910 2080 1947 2148 iu
1974 2083 2140 2154 omnibus

692 2215 772 2289 aliis
797 2215 1027 2288 libertatibus
1048 2215 1093 2285 ad
1114 2214 1250 2285 curium
1272 2211 1537 2306 pertinentibus
1565 2232 1632 2284 nec
1657 2213 1723 2284 ulli
1750 2210 1990 2308 respondeant
2014 2216 2077 2290 nisi
2103 2223 2141 2292 in

693 2355 755 2428 suc
772 2356 871 2427 curio
887 2355 1029 2447 propriu
1078 2347 1242 2423 'sestibns
1268 2350 1429 2422 Roberto
1456 2345 1619 2444 episcopo
1636 2351 1751 2423 eledco
1774 2350 2029 2428 Sandiandree
2055 2359 2142 2431 Cor·

691 2517 794 2566 muco
826 2491 993 2587 episcopo
1023 2490 1200 2586 Gregorio
1236 2485 1398 2581 episcopo
1429 2488 1475 2559 de
1507 2486 1675 2560 Morcuic
1709 2481 1892 2562 Hcrberto
1928 2495 2141 2569 cauccllurio

693 2632 790 2705 Beth
822 2633 955 2704 comite
985 2627 1095 2711 mulis
1126 2628 1261 2699 comite
1292 2625 1486 2698 Eduuurdo
1516 2622 1776 2700 constabulario
1804 2626 1993 2704 Willolmo
2030 2635 2142 2707 fratre

692 2773 814 2865 regine
832 2765 1056 2862 Gospatricio
1073 2765 1147 2837 filio
1165 2763 1357 2838 Waltheui
1408 2763 1519 2858 Apud
1537 2763 1642 2836 Sco'n.
1735 2787 1739 2794 ·
