4917 6509
643 720 711 788 188
1151 716 1307 789 LIBER
1333 717 1580 794 ECCLESIE
1938 748 2092 799 πων.

639 918 735 987 inter
754 918 933 1009 quondam
959 910 1117 988 nostrum
1143 914 1447 1011 consanguineum
1472 919 1677 993 Johauuem
1704 924 1889 996 dominum
1915 926 2091 1021 glammys

639 1065 677 1124 et
694 1054 806 1124 didone
824 1052 1007 1126 Abbatem
1025 1063 1063 1125 et
1081 1064 1301 1126 conuentum
1327 1079 1438 1148 penes
1455 1066 1571 1129 certas
1588 1069 1702 1131 terras
1719 1070 1758 1132 et
1775 1086 1913 1134 annuos
1929 1066 2091 1136 redditus

638 1190 699 1262 dat
730 1201 768 1263 et
798 1188 1007 1263 elemosmat
1040 1214 1105 1285 per·
1134 1192 1270 1264 diuum
1301 1195 1481 1286 quondam
1509 1195 1714 1271 Johannem
1746 1202 1849 1271 dieis
1879 1200 2016 1275 Abbati
2052 1214 2090 1274 et

638 1332 834 1401 conuentui
856 1328 1039 1427 [utsupra
1059 1328 1150 1422 211]
1172 1329 1220 1400 Et
1246 1334 1394 1404 terciam
1412 1356 1499 1403 uero
1516 1333 1676 1407 litteram
1694 1339 1739 1409 de
1756 1339 1966 1431 quibusdam
1984 1343 2090 1411 terris

637 1467 796 1538 willelmi
823 1466 941 1540 scoule
971 1465 1154 1563 burgensrs
1184 1469 1229 1539 de
1261 1468 1372 1540 Perth
1403 1472 1513 1541 annui
1543 1475 1706 1545 redditus
1736 1485 1890 1568 quatuor
1918 1476 2089 1549 librarum

636 1631 700 1699 per
724 1608 903 1700 prefatum
928 1607 1113 1679 Abbatem
1136 1603 1411 1700 conquestamm
1435 1619 1473 1681 et
1499 1610 1615 1682 officio
1632 1610 1787 1684 Sacriste
1804 1636 2026 1686 annexarum
2043 1617 2089 1687 de

635 1742 934 1817 urendatonostro
942 1742 1031 1816 visas
1040 1745 1148 1817 tectas
1157 1743 1331 1837 inspectas
1339 1754 1377 1816 et
1388 1745 1581 1841 diligenter
1590 1752 1813 1821 examinatas
1822 1748 1923 1823 sanas
1931 1755 2088 1847 integras

634 1908 706 1955 nou
724 1882 817 1955 rasos
834 1908 905 1955 uon
924 1883 1138 1956 cancellatas
1155 1906 1222 1953 nec
1248 1886 1286 1953 in
1311 1884 1489 1977 aliquibus
1514 1884 1654 1958 suarum
1672 1890 1833 1981 partibus
1849 1888 2026 1984 suspectas
2042 1894 2088 1962 ad

633 2024 781 2115 plenum
804 2017 1018 2093 intellexille
1044 2021 1163 2092 Tener
1186 2044 1272 2091 uero
1300 2024 1425 2114 quinte
1453 2023 1557 2095 litere
1581 2022 1742 2116 sequitur
1759 2024 1822 2097 sub
1849 2028 1916 2100 hac
1933 2028 2085 2101 fforma·

633 2160 812 2232 Omnibus
829 2160 921 2231 hauc
945 2169 1081 2231 cartam
1100 2158 1223 2229 visuris
1243 2159 1302 2228 uel
1320 2162 1495 2233 audituris
1516 2160 1725 2233 Willelmus
1743 2164 1883 2237 Scowle
1900 2163 2084 2264 burgeufis

632 2300 735 2393 burgi
762 2300 806 2369 de
831 2298 935 2393 perth
963 2306 1124 2369 eternam
1148 2297 1187 2367 in
1213 2298 1358 2368 dontius
1382 2297 1544 2371 Salutem
1575 2300 1705 2373 Sciatis
1730 2326 1789 2373 roe
1814 2305 1852 2374 in
1878 2304 2022 2377 laudem
2045 2319 2083 2379 et

631 2438 802 2507 honorem
831 2437 889 2507 dei
916 2437 1173 2528 omnipotentis
1204 2447 1241 2506 et
1275 2432 1472 2510 beatiffime
1505 2442 1689 2533 genitricis
1718 2438 1780 2512 suc
1814 2446 1925 2515 merie
1959 2444 2082 2516 Sentii

631 2576 823 2648 Michaelis
849 2574 1054 2669 archangeli
1071 2598 1112 2647 ac
1130 2576 1291 2645 omnium
1317 2576 1451 2646 ciuium
1469 2574 1700 2670 supernorum
1728 2576 1857 2651 dedisse
1882 2578 2082 2654 concellille

630 2727 668 2784 et
694 2718 959 2807 imperpetuum
990 2709 1204 2784 tmnstulille
1233 2714 1269 2783 in
1301 2734 1426 2805 puram
1452 2721 1490 2781 et
1515 2725 1726 2805 perpetuam
1757 2712 1987 2789 elemosrnam
2017 2742 2081 2813 pro

630 2852 745 2925 salute
775 2855 894 2925 anime
928 2874 1008 2923 mee
1040 2852 1319 2924 Venerabilibus
1352 2860 1390 2921 et
1424 2847 1613 2944 Religiosrs
1648 2854 1731 2923 viris
1765 2853 1910 2927 domiuo
1943 2855 2081 2927 Thome

630 2991 767 3063 Abbati
791 2986 994 3062 monasterii
1012 2990 1057 3060 da
1075 2988 1193 3060 Scona
1219 2998 1257 3060 et
1282 2986 1437 3082 ejusdem
1464 2987 1532 3060 loci
1559 2995 1753 3062 conventui
1772 3003 1927 3084 quatuor
1943 3018 2080 3068 mercae

629 3130 738 3200 annui
768 3130 929 3201 redditus
959 3127 1128 3199 levandas
1162 3137 1200 3197 et
1234 3129 1479 3221 percipiendas
1513 3132 1700 3201 annuatim
1734 3132 1780 3202 de
1814 3141 1911 3205 terre
1943 3132 2080 3206 Thome

630 3267 767 3339 Baxter
778 3268 925 3359 Jaceute
943 3268 980 3336 in
998 3268 1076 3337 vico
1093 3265 1219 3336 boriali
1238 3264 1321 3335 diei
1345 3266 1448 3360 burgi
1466 3290 1511 3339 ex
1529 3276 1631 3360 parte
1649 3264 1790 3339 australi
1810 3268 1968 3364 ejusdem
1986 3275 2080 3344 inter

630 3416 760 3476 terram
791 3427 908 3475 meam
934 3405 1112 3496 propriam
1139 3426 1185 3473 ex
1211 3401 1426 3475 occidentali
1452 3414 1490 3473 et
1515 3412 1647 3476 terram
1676 3404 1833 3477 Gilberti
1860 3406 2006 3479 Brouue
2032 3436 2077 3481 ex

629 3541 793 3613 orientali
813 3540 965 3611 Necnon
994 3541 1082 3611 duas
1108 3563 1245 3611 merces
1269 3542 1379 3609 annui
1405 3540 1567 3611 redditus
1585 3542 1629 3612 de
1647 3541 1710 3614 illa
1726 3552 1824 3615 terra
1839 3568 1921 3618 mea
1939 3548 2077 3639 jacenti

627 3683 665 3750 in
683 3680 777 3749 ereo
795 3680 873 3751 vico
891 3702 937 3749 ex
954 3687 1056 3771 porte
1074 3677 1198 3749 boriali
1213 3674 1368 3771 ejusdem
1383 3678 1479 3747 inter
1496 3686 1626 3749 terram
1643 3680 1668 3750 J
1670 3680 1821 3752 ohannis
1834 3682 2078 3774 phairwcdder

627 3815 767 3911 pistoris
785 3840 829 3888 ex
848 3814 1059 3888 occidentali
1080 3826 1117 3886 et
1136 3826 1267 3887 terram
1285 3815 1464 3908 quondam
1484 3814 1664 3887 Willelmi
1691 3817 1819 3890 Bunch
1846 3843 1893 3891 ex
1911 3824 2076 3895 orientali

627 3952 778 4027 Tenend
795 3964 833 4026 et
851 3951 994 4026 habeud
1012 3954 1122 4025 dictus
1139 3951 1200 4023 l'cx
1218 3976 1355 4025 merces
1371 3955 1480 4024 annui
1504 3954 1666 4027 redditus
1684 3956 1728 4026 de
1746 3959 1851 4029 terris
1867 3955 2077 4053 supradictis

627 4095 793 4188 predictis
827 4094 971 4163 domino
1006 4089 1143 4163 Abbati
1178 4102 1216 4161 et
1242 4094 1435 4163 conventui
1468 4117 1510 4164 ac
1536 4091 1607 4165 suis
1632 4090 1883 4167 succelloribus
1908 4121 1931 4168 a
1954 4114 2076 4171 meet

627 4232 819 4303 heredibus
835 4233 925 4301 meis
948 4232 993 4301 de
1019 4231 1164 4300 domino
1189 4226 1309 4300 nostre
1336 4230 1436 4326 Rege
1462 4234 1499 4302 in
1526 4234 1630 4304 feodo
1656 4245 1694 4304 et
1719 4234 1921 4308 hereditate
1946 4240 2076 4333 imper-

628 4382 780 4465 petuum
798 4334 909 4442 libere
927 4372 1048 4462 quiete
1066 4370 1158 4441 berre
1177 4378 1213 4440 ct
1232 4371 1268 4439 iu
1286 4394 1374 4463 pace
1391 4393 1473 4441 cum
1497 4372 1664 4443 omnibus
1681 4382 1719 4443 et
1737 4370 1883 4468 singulis
1900 4375 2076 4451 libertati-

629 4511 696 4582 bus
707 4508 1022 4611 commoditatibus
1033 4518 1070 4578 et
1084 4504 1288 4579 atramentis
1300 4532 1342 4579 ao
1349 4505 1455 4602 justis
1468 4507 1538 4579 suis
1551 4512 1783 4603 pertinenciis
1794 4510 2076 4607 quibuscumque

629 4660 705 4720 tam
735 4648 881 4720 liberius
906 4648 1063 4739 quietius
1088 4647 1264 4740 integrius
1289 4654 1327 4716 et
1352 4646 1643 4719 honorificentius
1668 4644 1759 4719 ficut
1783 4649 1911 4744 uliquis
1935 4678 2076 4728 annuus

629 4789 790 4860 redditus
807 4786 900 4858 infra
917 4784 1084 4881 Regnum
1103 4782 1229 4857 Scocie
1247 4786 1460 4876 cuicumque
1485 4781 1698 4857 monasterio
1723 4811 1787 4881 pcr
1812 4813 2074 4886 quemcumque

628 4932 734 5002 datur
751 4928 960 5000 conceditur
974 4924 1035 4997 seu
1053 4920 1282 5015 quovismodo
1299 4918 1493 5016 pollldetur
1519 4922 1569 4992 Et
1593 4947 1660 5017 ego
1677 4924 1792 4995 dictus
1810 4925 2018 5005 Willelmus
2036 4945 2074 5005 et
