4917 6509
671 808 717 878 26
1182 805 1340 879 LIBER
1366 804 1614 881 ECCLESIE
1961 826 2038 879 sne.
2057 826 2127 880 xii.

669 1028 793 1077 meum
810 1004 913 1077 fadis
963 1002 1014 1077 Et
1041 1005 1229 1079 dimidium
1255 1004 1329 1100 sepi
1354 1014 1394 1078 et
1410 1006 1508 1079 uniti
1535 1006 1731 1079 earundem
1755 1002 1973 1080 occisionum
1992 1005 2128 1079 scilieet

534 1224 539 1233 ‚
672 1166 717 1214 ex
735 1142 903 1235 aquilone
916 1141 1073 1215 fluminis
1091 1143 1137 1216 de
1146 1142 1211 1215 Tei
1226 1142 1405 1215 Prohibeo
1418 1146 1542 1237 itaque
1557 1166 1606 1215 ne
1622 1143 1752 1237 aliquis
1769 1145 1821 1217 eis
1834 1145 2026 1238 quicquam
2044 1144 2128 1216 inde

671 1274 802 1351 iniuste
819 1280 983 1353 detineat
999 1276 1106 1375 super
1122 1276 1368 1353 defensionem
1385 1303 1505 1355 ineam
1554 1277 1720 1353 'festibus
1736 1292 1806 1354 tc&

674 1554 784 1629 Curta
801 1553 982 1627 Willelmi
1000 1554 1112 1652 Regis
1130 1556 1176 1627 de
1193 1555 1334 1629 decima
1350 1553 1422 1629 sua.

604 1838 650 1911 39
675 1806 900 1902 Willelmus
913 1829 985 1902 Dei
999 1830 1127 1903 Gratia
1143 1830 1226 1903 Rex
1250 1828 1462 1903 Scottorum
1477 1827 1503 1899 J
1504 1823 1637 1900 ustitiis
1653 1828 1925 1901 vicecomitibus
1944 1825 2131 1923 prepositis

676 1964 909 2065 burgensibus
935 1978 973 2041 et
1001 1969 1168 2041 omnibus
1197 1964 1369 2039 ministris
1397 1968 1511 2039 totius
1538 1976 1634 2039 terre
1663 1964 1726 2039 sue
1749 1962 1902 2040 salutem
1930 1968 2064 2040 mando
2093 1978 2131 2039 et

675 2108 827 2179 firmiter
849 2106 1006 2201 precipio
1023 2114 1067 2179 ut
1084 2108 1289 2201 quicunque
1313 2105 1449 2198 aliquid
1474 2105 1520 2177 de
1545 2105 1687 2177 decima
1703 2104 1761 2177 vel
1778 2106 1825 2177 de
1841 2101 2036 2179 elemosina
2051 2128 2132 2177 mea

677 2244 818 2317 Decet
842 2245 964 2318 abbati
990 2247 1036 2316 de
1061 2243 1159 2317 Scon
1185 2244 1374 2318 aunuatim
1400 2240 1538 2345 solvere
1572 2244 1739 2315 debuerit
1768 2242 1860 2317 illud
1884 2245 1936 2317 ad·
1960 2246 2133 2317 terminos

660 2384 785 2455 michi
815 2378 970 2455 statutos
995 2382 1156 2476 plenarie
1182 2382 1234 2453 eis
1258 2378 1437 2477 persolvat
1487 2380 1538 2453 Et
1563 2380 1736 2476 prohibeo
1761 2404 1809 2454 ne
1835 2383 1916 2475 quis
1942 2382 2132 2475 quicquam

678 2516 827 2594 ecclesie
844 2522 889 2593 de
907 2518 1003 2593 Scon
1022 2517 1094 2593 five
1112 2521 1294 2594 canonicis
1312 2520 1358 2592 de
1374 2520 1534 2613 preditta
1558 2519 1700 2593 decima
1725 2516 1799 2591 sive
1819 2514 2014 2592 elemosina
2029 2516 2134 2613 supra

678 2658 856 2754 prensos
873 2658 1048 2731 terminos
1061 2658 1224 2731 detineat
1237 2655 1343 2752 super
1354 2680 1474 2730 meam
1490 2656 1690 2753 plenariam
1703 2654 1973 2731 fonffaauram
2003 2657 2133 2752 Siquis

679 2820 763 2869 vero
780 2795 886 2891 super
909 2794 979 2867 hoo
995 2796 1047 2869 eis
1073 2794 1209 2889 aliquid
1234 2795 1398 2869 detinere
1422 2790 1677 2889 presumpserit
1700 2794 1859 2890 precipio
1876 2802 1919 2867 ut
1936 2795 2135 2868 vicecomes

680 2931 752 3007 five
779 2934 934 3009 ballivus
968 2956 1071 3006 meus
1104 2934 1142 3005 in
1173 2922 1275 3005 cuins
1303 2930 1483 3027 potestate
1510 2932 1654 3005 debitor
1682 2932 1792 3006 inerit
1825 2954 1911 3006 eum
1946 2930 2133 3029 distringat

681 3075 794 3147 donec
812 3075 864 3145 eis
882 3072 1046 3159 debitum
1064 3066 1166 3141 suuni
1184 3069 1346 3163 plenarie
1361 3068 1572 3165 persolverit
1621 3066 1787 3143 'Postibus
1803 3083 1873 3143 *tot

682 3351 791 3423 Carta
808 3347 953 3420 Ricardi
971 3343 1124 3441 episcopi
1143 3343 1266 3417 Santti
1285 3344 1434 3417 Andree
1451 3346 1497 3417 de
1514 3340 1665 3418 ecclesia
1681 3346 1727 3417 de
1745 3344 1873 3441 Logyn
1890 3348 2048 3420 dundho.

613 3635 658 3700 40
683 3602 875 3699 Ricardus
900 3620 972 3693 Dei
998 3620 1126 3693 Gratia
1151 3615 1300 3692 ecclesie
1321 3616 1579 3692 sanatandree
1604 3619 1752 3692 humilis
1771 3616 1934 3694 minister
1951 3620 2138 3695 Univeriis

682 3764 803 3837 sande
819 3758 945 3834 matris
962 3755 1111 3833 ecclesie
1127 3756 1211 3829 filiis
1228 3755 1367 3830 clericis
1384 3767 1422 3829 et
1439 3756 1540 3829 laicis
1557 3753 1711 3829 salutem
1760 3754 1887 3831 Sciant
1904 3767 1981 3833 tam
2005 3758 2136 3857 posteri

684 3925 792 3998 quam
809 3896 994 3995 presentes
1011 3917 1077 3969 nos
1094 3892 1226 3967 dedisse
1243 3906 1282 3968 et
1299 3870 1501 3969 conceffisie
1518 3907 1556 3969 et
1573 3897 1642 3969 hac
1658 3906 1759 3970 cama
1782 3892 1902 3971 nostru
1918 3896 2138 3973 confirmasse

685 4034 883 4113 Ecclesiam
900 4045 938 4107 et
955 4044 1088 4125 terram
1106 4034 1151 4105 de
1168 4032 1277 4129 logyn
1295 4033 1442 4107 dundho
1454 4044 1494 4107 et
1510 4056 1618 4107 omne
1634 4035 1691 4107 ius
1708 4034 1805 4128 quod
1821 4034 1860 4107 iri
1876 4036 1930 4109 eis
1944 4035 2137 4111 habuimus

685 4180 848 4272 quietum
866 4170 1030 4248 clamasse
1048 4166 1198 4245 ecclesie
1215 4171 1262 4244 de
1279 4170 1399 4244 Scone
1411 4181 1450 4244 et
1462 4174 1644 4247 canonicis
1661 4172 1797 4245 ibidem
1807 4170 1888 4246 Deo
1900 4170 2138 4248 servientibus

686 4325 724 4388 et
736 4312 918 4385 servituris
934 4313 972 4383 in
986 4310 1136 4383 liberam
1152 4331 1281 4403 puram
1297 4318 1337 4381 et
1349 4318 1562 4404 perpetuam
1575 4304 1806 4383 elemosinam
1841 4309 1963 4397 Quare
1974 4310 2139 4385 volumus

686 4463 724 4526 et
741 4451 955 4523 ancoritate
972 4446 1161 4543 episcopali
1188 4446 1405 4541 precipimus
1428 4456 1472 4519 ut
1496 4447 1646 4542 prodisti
1669 4449 1832 4522 canonici
1854 4428 2141 4545 prenominatam

611 4668 617 4677 ,
687 4587 873 4665 ecelesiam
890 4608 973 4658 cum
990 4586 1156 4658 omnibus
1182 4584 1301 4657 eidem
1322 4579 1415 4657 iuste
1439 4585 1705 4679 pertinentibus
1722 4595 1761 4658 et
1778 4594 1911 4661 terram
1928 4607 2012 4659 cuni
2037 4590 2143 4661 redis

689 4721 807 4801 divisis
819 4724 892 4797 suis
904 4732 943 4796 et
952 4722 1182 4817 pertinentiis
1195 4723 1286 4795 adeo
1299 4721 1413 4795 libere
1425 4730 1578 4796 teneant
1589 4722 1713 4816 quiete
1729 4721 1923 4797 honorifice
1933 4733 1973 4796 et
1982 4722 2142 4818 plenarie

688 4862 887 4962 possideant
914 4860 1044 4934 liberas
1061 4868 1100 4931 et
1117 4860 1258 4953 quietas
1278 4860 1325 4933 ab
1342 4861 1441 4932 omni
1458 4858 1603 4932 servitio
1623 4860 1811 4933 exaaione
1828 4870 1867 4933 et
1883 4858 2143 4935 consuetudine

689 5006 735 5079 ad
752 5026 817 5077 nos
841 5001 1047 5098 pertinente
1072 4992 1163 5073 sieut
1187 4997 1308 5093 aliqua
1324 4993 1474 5073 ecclesia
1489 4995 1565 5073 siue
1587 5007 1684 5075 terra
1701 5000 1739 5071 in
1754 5006 1834 5079 toto
1852 4998 1980 5097 Regno
1996 4998 2145 5074 liberius
