4917 6509
349 842 434 893 aaa.
446 842 523 894 rac.
537 843 577 893 11.
752 823 789 895 S.
815 821 1113 896 TRINITATIS
1140 823 1210 896 DE
1237 823 1383 897 SCON.
1731 828 1797 898 181

347 1018 411 1091 sub
428 1021 581 1117 regulari
606 1023 733 1094 habitu
760 1024 969 1118 degentium
996 1024 1108 1115 quieti
1135 1033 1173 1096 et
1198 1024 1455 1117 tranquillitati
1480 994 1595 1096 solers
1611 1026 1800 1097 intendere

346 1168 535 1231 teneamur
568 1182 651 1233 curn
676 1160 766 1231 illud
801 1163 923 1255 exigat
948 1158 1078 1254 regalis
1108 1159 1330 1232 excellencie
1364 1162 1495 1233 devota
1528 1160 1728 1234 sublimitas
1762 1172 1801 1233 et

346 1298 478 1368 eximie
496 1299 655 1370 caritatis
674 1296 839 1392 deposcat
857 1262 1004 1370 ascitus
1029 1292 1207 1391 potissime
1233 1292 1420 1369 stabilitati
1444 1308 1482 1369 et
1499 1300 1579 1392 paci
1596 1296 1799 1393 monasterij

346 1430 456 1505 nostri
484 1435 529 1507 de
559 1434 678 1509 Scona
707 1434 811 1508 solita
839 1438 1065 1531 providentia
1094 1433 1281 1529 specialius
1311 1443 1349 1507 et
1379 1435 1587 1531 vigilantius
1611 1439 1800 1529 providere

346 1572 539 1645 debeamus
556 1597 600 1644 eo
617 1576 712 1667 quod
734 1575 952 1646 advertimus
978 1582 1134 1665 quantus
1160 1568 1204 1643 iit
1229 1572 1329 1645 locus
1355 1573 1416 1645 ille
1441 1576 1612 1667 precipua
1637 1573 1800 1647 Venera-

343 1712 445 1781 tione
466 1736 487 1783 a
512 1712 615 1783 nobis
639 1735 712 1783 non
737 1714 919 1783 immerito
944 1711 1116 1783 colendus
1142 1708 1283 1782 Idcirco
1308 1712 1511 1782 excitamur
1533 1713 1627 1783 cirea
1652 1736 1695 1784 ea
1719 1736 1799 1805 pro-

343 1846 527 1920 secutione
553 1847 658 1921 solita
681 1873 746 1943 per
775 1873 845 1942 que
868 1847 964 1921 dicto
995 1845 1209 1919 monasterio
1237 1845 1360 1919 serene
1385 1853 1483 1943 pacis
1500 1849 1743 1942 tranquillitas
1760 1860 1798 1921 et

342 1985 591 2078 ampleitende
609 1990 821 2081 perveniant
838 1988 969 2080 quietis
987 1986 1134 2057 libertas
1152 2009 1198 2057 ne
1218 1988 1424 2078 quatumvis
1445 1986 1697 2058 {induentium
1724 1999 1800 2058 tur-

344 2124 490 2195 batione
509 2124 735 2218 aliquatenus
752 2123 984 2217 imposterum
1006 2134 1159 2196 vexetur
1174 2125 1270 2217 quod
1290 2123 1407 2217 plenis
1433 2120 1673 2196 desideramus
1694 2124 1799 2196 affec-

344 2262 442 2332 tibus
466 2264 607 2355 pacifici
632 2258 744 2333 status
769 2260 1003 2357 prosperitate
1036 2260 1147 2333 solida
1171 2260 1276 2333 letari
1301 2262 1398 2331 unde
1422 2271 1466 2332 ut
1499 2230 1647 2333 effebus
1681 2258 1800 2333 noster

342 2398 544 2492 hujusmodi
562 2402 767 2494 prodeatin
785 2400 970 2493 publicum
989 2400 1120 2473 Sciatis
1136 2422 1202 2470 nos
1227 2395 1432 2494 approbasse
1456 2398 1642 2471 ratifioaise
1659 2410 1698 2471 et
1715 2425 1799 2472 oon-

342 2534 493 2609 firmaise
510 2562 635 2611 omnes
652 2547 691 2610 et
708 2535 864 2633 fingulas
890 2541 1102 2612 donationes
1124 2548 1162 2608 et
1179 2534 1419 2610 concessiones
1436 2561 1500 2631 per
1518 2533 1656 2610 nostros
1672 2541 1800 2632 prede·

343 2672 491 2747 cessores
505 2678 543 2748 in
555 2686 664 2749 antea
674 2677 783 2748 sadans
794 2673 1006 2749 monasterio
1020 2674 1141 2747 nostro
1155 2678 1200 2748 de
1213 2675 1332 2748 Scona
1343 2700 1386 2748 ac
1399 2675 1537 2748 Abbati
1551 2686 1589 2747 et
1602 2680 1797 2747 conventui

340 2810 500 2905 ejusdem
529 2810 733 2908 monasterij
765 2824 804 2885 et
831 2838 954 2886 eorum
979 2810 1231 2887 successoribus
1260 2816 1526 2909 imperpetuum
1553 2816 1598 2886 de
1629 2826 1666 2886 et
1695 2813 1799 2908 super

343 2951 591 3023 infeodacione
611 2951 834 3047 Regalitatis
861 2962 1038 3025 terrarum
1065 2952 1339 3045 subscriptarum
1368 2952 1538 3024 videlicet
1566 2948 1797 3025 Schirastoun

344 3084 543 3160 Ennorbuss
556 3088 671 3161 Gelan
685 3090 832 3161 inferior
849 3103 887 3161 et
906 3088 1064 3183 superior
1080 3088 1377 3162 Cambusmeehel
1395 3090 1491 3161 Biria
1508 3089 1797 3185 Cragmakeranc

342 3224 531 3318 Freyirton
549 3227 786 3321 Berclahyllis
803 3227 1014 3323 Argilleanc
1029 3227 1213 3321 Lethindy
1225 3227 1486 3320 Gardrummys
1498 3228 1651 3323 boghale
1665 3224 1797 3300 Heisrl-

342 3362 469 3457 licluys
483 3387 564 3435 cum
583 3364 619 3435 le
635 3362 843 3458 schynehyll
857 3365 1049 3460 Arybothy
1061 3364 1282 3457 Bailynhard
1300 3364 1482 3461 Belgaruy
1496 3365 1648 3458 Pokmyl
1669 3365 1797 3437 Lame-

342 3504 453 3594 pottis
470 3502 744 3597 kyncarroquhy
761 3500 1032 3595 Balquhormok
1049 3500 1172 3573 Insule
1185 3504 1231 3574 de
1245 3502 1364 3575 Souna
1376 3500 1601 3597 Athnapopil
1616 3504 1795 3597 Oloqulrat

341 3664 422 3711 cum
440 3641 607 3733 pertineii
633 3639 808 3734 Cruchyis
826 3682 834 3698 ·
854 3641 976 3735 Major
999 3640 1098 3713 blare
1124 3641 1344 3734 Banquhory
1360 3640 1543 3735 Foyemys
1568 3642 1796 3736 kynnocirtry

342 3777 454 3849 Clene
472 3803 555 3850 cum
572 3780 675 3851 tostis
701 3790 739 3851 et
766 3780 889 3851 crustis
912 3779 1021 3890 'serra
1043 3780 1088 3851 de
1106 3778 1235 3870 Durdy
1250 3779 1358 3873 inglis
1376 3780 1491 3872 durdy
1509 3779 1597 3851 Scot
1615 3819 1623 3835 ·
1642 3780 1795 3877 Fingaik

342 3916 449 3988 Blare
472 3920 590 3988 minor
615 3940 698 3989 cum
715 3917 894 4011 piscatura
911 3919 955 3990 de
981 3916 1016 3989 lo
1033 3890 1178 3989 Gethok
1195 3914 1311 3987 Jaceii
1329 3917 1423 3987 infra
1439 3919 1731 3989 vicecomitatum
1749 3922 1795 3990 de

344 4054 453 4125 Perth
473 4055 522 4126 Et
540 4070 717 4127 terrarum
735 4056 780 4126 do
806 4055 862 4150 lys
883 4080 966 4128 cum
985 4054 1158 4148 oclrtirlyf
1179 4050 1379 4149 estirgurdy
1396 4065 1434 4124 et
1453 4052 1692 4149 Vestirgurdy
1709 4056 1794 4128 Pet-

341 4194 423 4287 elpy
442 4193 624 4289 Driburgh
644 4235 652 4252 ·
672 4193 775 4288 Logy
790 4233 799 4249 ·
817 4193 971 4265 blnknes
988 4216 1070 4266 cum
1088 4192 1191 4264 tostis
1208 4200 1247 4263 et
1271 4192 1395 4263 croftis
1422 4214 1532 4285 prope
1559 4192 1693 4265 Dunde
1710 4194 1795 4267 Bal·

341 4331 437 4425 gally
467 4329 691 4426 Inncrgoury
719 4329 866 4426 Dargon
896 4330 1195 4426 Balgartynnay·
1223 4331 1268 4401 de
1294 4330 1329 4401 le
1358 4330 1530 4402 denemill
1559 4330 1675 4403 Jaoeir
1702 4335 1796 4405 infra

343 4467 588 4542 Vicecomitai
604 4470 650 4541 de
669 4468 815 4541 Forfare
834 4468 950 4541 Prout
966 4478 1065 4543 carte
1088 4480 1127 4541 et
1147 4469 1271 4541 littere
1296 4471 1342 4539 de
1367 4466 1462 4541 ditia
1486 4468 1694 4564 Regalitate
1710 4496 1795 4543 con·

331 4578 435 4678 'fecte
452 4607 593 4701 plenius
609 4616 820 4701 proportant
836 4618 876 4679 et
894 4603 1071 4680 testantur
1088 4604 1239 4702 Insuper
1259 4609 1305 4679 ob
1322 4603 1444 4679 causta
1461 4604 1639 4701 premissas
1658 4609 1796 4680 volum-

343 4769 385 4817 us
402 4754 441 4817 et
458 4741 632 4838 presentis
649 4756 748 4818 carte
765 4743 884 4817 nostre
908 4756 1036 4818 tenore
1062 4746 1292 4819 concedimus
1309 4746 1412 4816 diuis
1429 4746 1568 4818 Abbati
1586 4756 1623 4817 et
1640 4770 1795 4818 conven-

343 4885 397 4955 tui
425 4884 520 4976 quod
548 4883 705 4955 habeant
733 4894 884 4956 teneant
912 4894 950 4955 et
977 4878 1176 4977 possideant
1200 4885 1385 4977 perpetuis
1413 4883 1544 4954 iirturis
1573 4887 1795 4979 temporibus

342 5030 457 5093 totam
485 5030 522 5093 et
548 5022 724 5116 integram
755 5031 887 5093 terram
917 5023 961 5092 de
987 5020 1196 5117 Orsgmalze
1223 5044 1305 5092 cum
1331 5022 1559 5115 pertinentiis
1584 5018 1654 5093 suis
1678 5021 1794 5095 Jaceii
