4917 6509
335 810 564 865 uuourom.
752 789 789 861 S.
815 788 1111 901 TRINlTATIS
1138 789 1207 860 DE
1234 787 1380 862 SCON.
1719 798 1792 869 209

335 990 418 1063 held
449 990 513 1062 All
540 992 610 1061 end
642 988 913 1083 quhatsumeuir
938 990 1072 1083 lbingie
1099 1011 1160 1089 my
1186 986 1358 1060 foirsaidis
1382 978 1570 1088 peuraiou
1592 1013 1633 1059 or
1657 1014 1729 1083 ony
1754 992 1796 1061 of
1867 975 1872 983 ⁸

333 1136 436 1221 pomo
454 1127 647 1199 coiunfflie
664 1150 704 1197 or
723 1124 874 1199 seuerlie
891 1124 1101 1199 lauebfullie
1119 1125 1209 1196 ledis
1226 1135 1265 1196 to
1291 1126 1337 1195 be
1362 1126 1457 1199 done
1484 1130 1521 1197 in
1547 1132 1591 1217 be
1616 1126 1735 1219 poniffl
1750 1129 1789 1198 in

333 1290 394 1360 my
422 1290 527 1337 name
554 1265 720 1360 tuicbing
753 1271 797 1357 be
824 1266 975 1359 making
1005 1265 1046 1335 of
1074 1265 1128 1354 bis
1157 1286 1218 1357 my
1243 1260 1447 1358 resrgna⁰uii
1476 1265 1547 1336 und
1577 1263 1789 1337 remicio⁰uii

334 1405 450 1476 abone
466 1405 586 1473 wriliu
608 1402 713 1473 vndir
737 1408 781 1493 be
806 1401 898 1473 saith
915 1402 986 1473 and
1012 1396 1165 1495 obliling
1190 1401 1232 1471 of
1252 1399 1301 1471 oll
1324 1424 1386 1494 my
1402 1402 1498 1496 gudl'
1523 1401 1692 1474 mouoble
1718 1401 1787 1498 bnt

334 1541 404 1612 and
431 1550 554 1611 tooum
584 1539 628 1610 In
656 1538 804 1611 Witnes
828 1539 949 1611 beirof
974 1548 1013 1609 to
1040 1540 1094 1629 pir
1119 1562 1179 1633 my
1205 1538 1274 1633 font
1300 1540 1371 1610 lieo
1397 1542 1439 1611 of
1463 1543 1667 1631 pcumtorie
1694 1540 1787 1612 Sub-

333 1678 454 1750 serioit
472 1680 556 1749 with
576 1701 637 1772 my
655 1678 749 1750 band
772 1678 843 1749 ond
866 1678 913 1747 be
935 1698 996 1769 my
1014 1674 1086 1748 said
1110 1679 1201 1749 fadir
1218 1701 1257 1749 oo
1274 1699 1335 1771 my
1353 1675 1611 1749 administrato*
1627 1680 1664 1747 in
1682 1680 1786 1750 tukin

334 1818 374 1887 of
387 1818 442 1887 bis
459 1814 607 1887 consent
626 1816 768 1887 obtenil
785 1817 902 1886 beirto
929 1813 1008 1885 Our
1024 1816 1107 1907 ppir
1124 1812 1233 1886 seillis
1251 1839 1290 1885 ar
1314 1816 1487 1907 appendit
1512 1814 1681 1909 Togiddir
1698 1819 1786 1888 with

332 1962 375 2047 be
393 1951 653 2048 subscriptioni
671 1956 712 2025 of
733 1960 776 2045 be
794 1962 899 2023 notor
913 1954 1139 2023 -vndirwritin
1165 1952 1220 2023 At
1246 1978 1311 2026 our
1335 1954 1512 2031 comondf
1537 1954 1592 2024 At
1611 1953 1786 2025 Ruthuefr

332 2100 375 2184 be
402 2091 511 2165 Sexlt
536 2094 604 2186 day
622 2093 663 2163 ol
683 2092 898 2185 September
923 2096 967 2181 be
992 2092 1070 2183 goir
1095 2092 1137 2161 ol
1158 2089 1241 2161 God
1267 2090 1322 2159 Im
1345 2092 1415 2161 five
1439 2092 1589 2161 hundre'
1607 2092 1677 2161 ond
1703 2094 1786 2189 thre

332 2230 422 2303 seoir
439 2233 519 2303 four
543 2232 652 2324 geiris
678 2230 801 2301 Befoir
826 2232 880 2321 bir
905 2201 1033 2299 witnes
1060 2228 1188 2299 Patrik
1214 2251 1358 2322 murroy
1376 2230 1416 2298 of
1436 2228 1662 2300 Tibbirmure
1688 2232 1786 2302 harie

333 2369 410 2439 lord
435 2367 610 2440 metbueii
646 2368 784 2439 Robert
813 2389 955 2460 murray
986 2350 1097 2437 au'dro
1122 2364 1296 2436 Rutbueir
1323 2365 1487 2437 Maleum
1513 2367 1634 2437 bowor
1662 2367 1788 2439 James

334 2509 510 2579 drr'rmond
526 2508 597 2578 und
616 2506 750 2577 Allane
767 2505 790 2577 J
793 2502 905 2577 ustioe
922 2514 1044 2576 notare
1061 2543 1069 2559 ·
1782 2480 1790 2491 ⁰

384 2646 548 2737 Wilgem
566 2640 709 2715 meister
725 2642 883 2714 rutbueii
901 2644 1011 2713 lower
1028 2644 1069 2712 of
1226 2640 1353 2712 Putrik
1371 2638 1467 2711 Lord
1486 2638 1661 2711 Rutbueii
1677 2653 1737 2713 *to*

383 2793 426 2875 be
443 2784 559 2855 lendis
577 2786 700 2855 ebowe
718 2784 862 2853 wretlin
882 2782 923 2850 w'
946 2803 1006 2874 my
1022 2781 1119 2852 band

464 2918 523 2991 Ilo
539 2921 584 3015 est
600 2918 747 2993 Albinus
763 2918 897 3015 Justioe
913 2916 1077 2989 Notarius
1093 2918 1131 2987 io
1144 2915 1271 3015 p‘mrff*
1288 2916 1330 2987 de
1349 2916 1498 2986 muodo?
1515 2910 1684 2987 dillorum
1712 2910 1791 2987 W*

467 3058 619 3154 moyrstri
635 3056 675 3129 de
691 3055 849 3129 Rutbueo
867 3065 897 3127 el
910 3055 1052 3151 patricii
1068 3054 1198 3125 donriui
1214 3052 1358 3125 rutilum
1375 3054 1554 3149 munusue
1572 3095 1579 3108 ·

337 3336 551 3428 Preoeplum
571 3334 712 3427 Regino
731 3332 886 3403 Patricio
904 3328 972 3424 efro
991 3327 1183 3400 Morauieli
1201 3352 1265 3420 pro
1285 3327 1529 3398 Parliomento
1548 3367 1555 3384 ·

223 3594 303 3687 93ἳῖ
341 3600 398 3694 M
402 3624 476 3693 orio
493 3623 549 3692 dei
566 3622 631 3715 gia
647 3620 788 3714 Regino
805 3619 995 3690 Scotorum
1012 3614 1231 3707 Reuerendo
1257 3614 1294 3681 in
1321 3610 1394 3707 xfro
1420 3614 1513 3705 patri
1539 3614 1688 3706 patricio
1707 3609 1788 3703 Elio

339 3758 529 3831 Morauieri
547 3760 660 3831 solute
677 3758 772 3841 Quia
788 3754 1007 3826 ordiniimus
1023 3715 1198 3843 pliametu
1216 3758 1298 3820 uim
1317 3746 1454 3820 tenenti
1467 3748 1560 3841 opud
1576 3749 1787 3842 Edinburgh
1866 3812 1871 3823 ,

335 3909 373 3970 et
386 3895 566 3970 inehoond
584 3900 641 3968 die
659 3895 745 3966 lune
763 3896 901 3966 decimo
916 3900 1043 3984 quarto
1054 3890 1113 3958 die
1126 3882 1257 3958 mensis
1274 3887 1395 3979 aprilis
1408 3892 1498 3978 proi(
1516 3887 1616 3955 futui
1634 3910 1715 3955 cum
1728 3892 1788 3956 of)-

334 4038 541 4107 tinuooione
558 4036 696 4105 dierum
715 4016 814 4103 bobis
832 4028 1049 4124 precipimus
1059 4035 1097 4095 et
1110 4026 1321 4095 mandemus
1339 4022 1422 4114 qlus
1439 4018 1515 4093 sitis
1533 4022 1674 4092 Ibidem
1692 4022 1787 4091 diolo

337 4176 395 4245 die
413 4174 542 4245 Coram
561 4174 663 4243 nobie
681 4173 718 4239 in
736 4172 830 4239 diuo
848 4176 914 4237 nio
932 4166 1167 4259 parliamento
1182 4184 1334 4267 vnocum
1353 4161 1431 4231 aliis
1448 4164 1549 4253 regni
1567 4164 1624 4230 nri
1641 4160 1789 4253 prelatis

337 4296 542 4407 proceribus
559 4318 597 4381 el
614 4312 807 4403 burgorum
826 4301 1029 4375 oomill'oriis
1047 4304 1106 4393 qui
1126 4310 1212 4370 tune
1229 4298 1372 4368 Ibidem
1395 4266 1509 4390 propp
1525 4298 1593 4368 hoo
1618 4267 1788 4368 inierunt

337 4450 543 4545 congregati
553 4448 597 4519 ad
609 4441 773 4516 trullano
784 4424 1011 4513 oonoorcland
1020 4434 1184 4509 subeund
1194 4446 1232 4507 et
1246 4431 1500 4506 determinond
1510 4456 1553 4505 ea
1563 4458 1633 4527 que
1644 4437 1681 4505 in
1693 4435 1787 4505 disto

337 4596 403 4661 nio
417 4586 652 4681 parliamento
664 4606 728 4675 pro
741 4581 899 4652 utilitate
913 4581 1013 4671 regni
1027 4578 1083 4647 nii
1097 4586 1135 4646 et
1148 4573 1344 4667 reipublice
1357 4571 1545 4643 irritanda
1557 4572 1692 4641 fuerint
1705 4595 1789 4642 oon-

338 4727 516 4799 eordeuda
527 4721 712 4794 subeundo
729 4730 766 4790 et
784 4688 1048 4790 delminande·
1068 4712 1117 4783 Et
1135 4713 1201 4782 hoc
1215 4706 1279 4781 sub
1293 4732 1387 4804 peno
1399 4731 1470 4800 que
1483 4709 1659 4799 competit
1672 4709 1708 4777 in
1722 4710 1788 4779 hoo

337 4876 439 4961 porte
456 4863 664 4935 nullatenus
682 4858 871 4930 omittatis
890 4856 1028 4925 Datum
1044 4849 1107 4921 sub
1125 4846 1332 4920 testimonio
1349 4848 1407 4916 nii
1433 4846 1554 4939 magni
1574 4840 1677 4939 sigilli
1694 4848 1789 4937 apud

339 4978 1788 5095 Ediuburghdecimotertio‹liemenllfebruarijonuoregnini'ivieesrmoquinto·

1027 5136 1093 5199 21>
