4917 6509
662 854 731 919 158
1172 843 1328 916 LIBER
1354 844 1600 918 EOCLESIE
1935 868 2010 919 sec.
2026 868 2107 919 xrr,

658 1056 735 1117 tum
754 1047 976 1118 decrevimus
1002 1056 1040 1117 et
1066 1048 1173 1118 inane
1190 1041 1218 1116 fi
1235 1042 1335 1117 secus
1352 1044 1457 1140 super
1472 1047 1541 1119 hiis
1566 1072 1588 1119 a
1605 1069 1783 1141 quoquam
1808 1048 1932 1139 quavis
1957 1051 2108 1119 auetori-

657 1194 733 1256 tate
759 1184 913 1257 scienter
938 1184 994 1255 vel
1021 1186 1228 1280 ignoranter
1253 1185 1446 1279 contigerit
1473 1187 1683 1277 attemptari
1715 1183 1820 1256 Nulli
1850 1208 1935 1280 ergo
1960 1188 2108 1255 omnino

656 1324 841 1393 hominum
859 1322 965 1394 lineet
982 1324 1074 1395 hanc
1091 1325 1258 1417 paginam
1281 1317 1399 1393 nostre
1416 1316 1648 1392 aonceffionis
1665 1318 1790 1393 statuti
1816 1322 2051 1394 ordinationis
2067 1334 2107 1393 et

655 1456 920 1531 constitutionis
945 1461 1139 1555 infringere
1158 1459 1214 1530 vel
1241 1462 1275 1530 ei
1301 1457 1388 1530 ausu
1414 1460 1604 1531 temerario
1621 1460 1799 1531 contraire
1824 1458 1962 1550 Siquis
1983 1468 2107 1530 autem

654 1598 722 1668 hoc
739 1607 957 1689 attemptare
982 1594 1233 1690 presumpserit
1259 1597 1541 1689 indignationem
1568 1597 1826 1689 omnipotentis
1852 1596 1910 1667 dei
1928 1606 1967 1669 et
1984 1597 2108 1668 beato-

653 1757 730 1804 rum
751 1742 842 1827 petri
862 1742 899 1804 et
916 1734 1013 1827 pauli
1039 1729 1278 1826 apostolorum
1305 1733 1382 1823 ejus
1399 1730 1435 1803 se
1452 1735 1593 1803 noverit
1610 1732 1833 1804 incursurum
1859 1732 1998 1805 Datum
2015 1732 2106 1805 Avi-

653 1870 738 1941 niofi
756 1874 828 1965 xvij
848 1872 981 1943 kalend
999 1914 1006 1927 ·
1026 1870 1179 1941 ot'tobris
1196 1870 1428 1963 pontificatus
1445 1866 1555 1939 nostri
1572 1868 1684 1941 Anno
1701 1872 1816 1963 primo
1834 1912 1842 1927 ·

652 2146 793 2217 Littera
810 2148 1050 2239 procuratoria
1068 2144 1216 2241 Hugoni
1235 2144 1486 2216 Concanonico
1504 2183 1512 2199 ·

541 2422 618 2495 196.
654 2398 851 2495 Universrs
879 2420 1010 2493 Santte
1037 2422 1161 2491 matris
1187 2414 1334 2491 ecclesie
1360 2419 1443 2490 filiis
1471 2421 1517 2491 ad
1544 2441 1633 2511 quos
1658 2417 1841 2512 presentes
1866 2418 1990 2491 littere
2023 2442 2103 2513 per-

649 2561 814 2629 venerint
832 2556 1012 2629 Henricus
1028 2553 1255 2629 miseratione
1272 2557 1393 2629 divina
1418 2557 1543 2628 Abbas
1569 2557 1614 2627 de
1640 2554 1759 2627 Saone
1784 2568 1822 2629 et
1847 2554 2006 2649 ejusdem
2031 2557 2101 2628 loci

649 2706 848 2768 conventus
882 2705 1043 2767 eternam
1080 2696 1117 2764 in
1148 2694 1294 2765 domino
1320 2694 1485 2767 Salutem
1521 2736 1530 2753 ·
1565 2694 1612 2765 In
1637 2696 1803 2767 omnibus
1829 2690 1942 2767 causas
1968 2718 2032 2766 nos
2062 2706 2100 2767 et

647 2831 901 2905 monasterinm
922 2828 1082 2902 nostrum
1108 2830 1417 2925 qualitercumque
1443 2833 1676 2927 tangentibus
1701 2835 1810 2904 motis
1826 2829 1887 2905 seu
1912 2835 2100 2905 movendis

647 2996 711 3065 pro
728 2973 830 3045 nobis
847 2969 908 3043 seu
926 2980 1052 3042 contra
1068 2992 1133 3040 nos
1143 2989 1155 3039 s
1167 2980 1294 3041 contra
1310 2968 1553 3063 quoscumque
1571 2970 1629 3043 vel
1641 2994 1664 3041 a
1675 2968 1968 3063 quibuscunque!
1980 2994 2100 3043 coram

645 3109 926 3203 quibuscumque
943 3108 967 3179 J
970 3108 1133 3181 udicibns
1151 3108 1336 3179 ordinariis
1355 3107 1530 3202 delegatis
1555 3108 1798 3202 subdelegatis
1816 3104 2019 3181 comissanis
2036 3106 2097 3180 seu

645 3247 786 3318 arbitris
821 3244 1089 3339 quibuscunque
1118 3246 1246 3316 diebus
1275 3256 1314 3317 et
1342 3245 1429 3317 locis
1455 3286 1463 3300 ·
1493 3244 1689 3340 Hugoaem
1714 3249 1996 3319 concanonicum
2021 3244 2099 3318 nos·

645 3394 741 3454 trum
772 3384 1012 3455 exhibitorem
1043 3379 1263 3475 presentium
1292 3398 1560 3476 procuratorem
1588 3380 1748 3455 nostrum
1774 3384 1924 3455 facimus
1950 3394 1989 3455 et
2013 3408 2098 3456 con·

645 3518 824 3592 stituimus
841 3544 905 3613 per
921 3518 1103 3613 presentes
1116 3558 1124 3575 ·
1138 3520 1266 3590 dantes
1279 3522 1396 3591 eidem
1410 3518 1629 3614 potestatem
1642 3534 1680 3591 et
1692 3517 1845 3613 speciale
1862 3521 2095 3591 mandatum·

644 3660 771 3753 agendi
802 3681 865 3752 pro
894 3657 997 3727 nobis
1026 3652 1159 3747 nosque
1183 3656 1399 3727 defendendi
1425 3657 1639 3750 expediendi
1665 3656 1861 3750 replicandi
1888 3699 1896 3713 ·
1923 3653 2033 3729 testes
2056 3667 2095 3729 et

637 3799 844 3890 juramenta
859 3794 1079 3890 producendi
1098 3802 1136 3865 et
1152 3793 1347 3887 replicandi
1365 3832 1374 3849 ·
1391 3794 1494 3867 litem
1511 3791 1735 3867 contestandi
1753 3796 1940 3867 inanimae
1957 3791 2093 3867 nostras

637 3936 781 4028 jurandi
800 3974 807 3990 ·
826 3936 870 4007 dc
888 3934 1093 4027 calumpnia
1113 3942 1153 4005 et
1169 3932 1323 4003 veritate
1340 3932 1482 4004 dicendi
1498 3972 1507 3989 ·
1525 3928 1698 4025 expensas
1723 3932 1871 4025 petendi
1889 3934 2036 4026 jurandi
2053 3946 2092 4005 et

643 4074 836 4167 recipiendi
854 4072 966 4145 alium
991 4078 1260 4165 procuratorem
1281 4068 1360 4141 loco
1377 4068 1430 4140 sui
1446 4066 1684 4143 substituendi
1710 4072 1877 4162 quotiens
1894 4066 1958 4141 srbi
1977 4069 2091 4142 visum

642 4210 751 4280 fuerit
769 4208 983 4303 expediendi
1000 4216 1039 4279 et
1064 4208 1185 4279 omnia
1201 4204 1273 4278 alia
1284 4216 1322 4276 et
1338 4201 1477 4301 smgula
1494 4207 1648 4279 faciendi
1673 4209 1711 4278 in
1735 4202 1909 4301 premiffis
1935 4218 1973 4279 et
2000 4211 2094 4282 eirca

640 4340 803 4439 premissa
816 4368 885 4438 que
899 4367 1004 4417 verus
1017 4355 1056 4416 et
1068 4344 1253 4440 legitimus
1265 4353 1471 4437 procurator
1484 4345 1602 4417 facere
1614 4343 1733 4438 potest
1745 4357 1784 4417 et
1797 4347 2006 4418 mandatum
2016 4344 2093 4440 spc-

640 4483 731 4556 ciale
747 4485 934 4576 requirunt
960 4481 1096 4553 Ratum
1123 4491 1160 4553 et
1182 4482 1326 4553 firmum
1352 4482 1527 4554 habentes
1552 4492 1591 4553 et
1616 4483 1774 4555 habituri
1790 4485 1960 4577 quicquid
1977 4486 2093 4556 dittus

639 4631 848 4715 procurator
864 4616 984 4691 noster
997 4618 1055 4691 vel
1068 4619 1114 4691 ab
1132 4642 1175 4691 eo
1188 4617 1401 4692 substitutus
1417 4622 1564 4691 nomine
1577 4617 1697 4692 nostro
1711 4623 1748 4693 in
1762 4616 1935 4714 premillls
1947 4624 2092 4693 duxerit

639 4760 844 4831 faciendum
874 4759 1128 4851 permittentes
1155 4755 1300 4850 insuper
1326 4766 1368 4829 ut
1393 4758 1574 4851 predictus
1599 4758 1709 4855 Hugo
1735 4762 1882 4831 nomine
1906 4755 2024 4830 nostro
2049 4768 2092 4829 ut

638 4906 847 4991 procurator
871 4918 934 4990 pro
952 4894 1056 4966 nobis
1082 4902 1120 4965 et
1145 4892 1359 4967 monasterio
1376 4892 1497 4968 nostro
1513 4898 1580 4969 hac
1601 4892 1747 4969 instanti
1764 4898 1823 4968 die
1839 4899 1964 4969 martis
1981 4895 2092 4990 Apud

637 5033 797 5107 santium
816 5032 998 5105 Andream
1018 5056 1101 5105 eum
1118 5036 1248 5105 ceteris
1265 5034 1312 5105 de
1337 5034 1435 5105 clero
1460 5030 1569 5109 saum
1587 5033 1735 5105 Andree
1758 5030 1862 5127 poffit
1887 5057 2093 5130 comparere
