4917 6509
671 690 738 755 142
1176 682 1331 755 LIBER
1357 682 1602 756 ECCLESIE
1931 701 2008 755 sac.
2026 702 2108 755 xrs.

667 884 730 954 bas
747 892 785 954 et
802 891 999 955 conventus
1017 880 1205 955 Abbaohie
1222 883 1267 954 de
1284 882 1403 955 Soona
1418 882 1565 953 fuerunt
1582 884 1620 953 iu
1636 876 1841 976 polleffioue
1865 881 2013 975 paoifioa
2028 903 2108 973 per-

667 1020 821 1114 cipiendi
846 1018 1017 1091 secundas
1043 1021 1198 1093 decimas
1216 1022 1261 1091 de
1286 1022 1397 1091 firmis
1422 1028 1596 1093 terrarum
1614 1020 1660 1091 de
1677 1019 1771 1091 Rate
1788 1028 1827 1090 et
1843 1019 1889 1090 de
1905 1020 2107 1113 kynfaunys

666 1158 758 1229 infra
788 1156 942 1230 Balliam
970 1154 1120 1229 vestram
1151 1160 1262 1231 etiam
1292 1183 1335 1231 eo
1363 1169 1524 1252 tempore
1552 1182 1623 1251 quo
1651 1158 1745 1228 diae
1773 1165 1868 1229 terre
1897 1158 1942 1229 ad
1968 1158 2107 1229 firmam

664 1294 851 1369 bladorum
875 1291 967 1369 siout
992 1320 1035 1367 eo
1060 1298 1201 1389 quoad
1227 1297 1451 1370 denariorum
1476 1298 1615 1368 firmam
1644 1296 1787 1367 fuerant
1812 1291 1966 1367 alledate
1991 1294 2107 1367 Vobis

665 1436 875 1507 mandamus
893 1443 931 1506 et
954 1434 1170 1528 precipimus
1195 1443 1372 1527 quatenus
1391 1431 1489 1527 juste
1516 1443 1555 1505 et
1571 1433 1721 1505 indilate
1746 1433 1971 1527 compellatis
1996 1434 2108 1505 dibtas

667 1582 777 1645 terras
800 1580 838 1643 et
863 1570 976 1644 libere
1004 1579 1172 1644 tenentes
1199 1572 1393 1644 earundem
1423 1572 1468 1643 ad
1497 1568 1779 1644 satiffaciendnm
1804 1571 1907 1643 diuis
1935 1567 2108 1666 religioiis

666 1710 710 1782 de
738 1710 839 1782 diuis
864 1707 1026 1781 secundis
1058 1685 1204 1781 decimis
1232 1711 1277 1781 de
1302 1718 1382 1781 toto
1408 1718 1570 1804 tempore
1599 1707 1774 1782 transatio
1799 1732 1870 1802 quo
1900 1706 2035 1782 seilicet
2061 1709 2108 1782 ab

665 1844 818 1941 ipsarum
836 1846 1010 1919 solutione
1028 1845 1198 1920 celsarum
1216 1848 1334 1919 fuerat
1351 1856 1390 1918 et
1409 1841 1573 1918 limiliter
1589 1849 1634 1918 de
1650 1848 1814 1918 terminis
1831 1855 1869 1919 et
1885 1848 2108 1941 temporibus

659 1985 736 2077 jam
754 1986 884 2057 futuris
922 1985 981 2056 Ita
999 1986 1093 2078 quod
1118 2008 1182 2079 pro
1208 1980 1323 2056 vestro
1349 1983 1492 2057 def08su
1510 2008 1582 2056 uon
1600 1995 1764 2078 oporteat
1789 1986 1902 2057 diuos
1927 1983 2107 2081 religiosos

666 2120 769 2216 super
780 2122 849 2195 hoo
862 2123 1012 2195 ulterius
1026 2124 1070 2195 ad
1084 2146 1147 2193 uos
1160 2145 1340 2196 recurrere
1353 2124 1603 2215 conquerendo
1633 2123 1678 2194 In
1690 2124 1791 2216 eujus
1801 2124 1853 2194 rei
1863 2119 2108 2195 testimouium

665 2261 728 2332 has
762 2258 898 2333 nostras
931 2260 1070 2333 litteras
1104 2263 1204 2333 vobis
1236 2262 1416 2332 mittimus
1441 2268 1608 2353 patentes
1649 2258 1747 2333 Data
1775 2258 1869 2355 apud
1894 2259 2107 2356 Edinburgh

666 2398 740 2491 viij⁰
757 2398 814 2470 die
831 2394 961 2471 mensis
979 2398 1070 2491 Maij
1114 2398 1225 2470 Auno
1242 2398 1360 2494 Regni
1378 2394 1486 2469 nostri
1503 2396 1667 2469 seeundo.

666 2646 774 2720 Bulla
790 2648 953 2745 Gregorii
972 2672 1063 2745 pape
1080 2650 1125 2721 de
1141 2649 1407 2743 permutatione
1423 2645 1572 2721 eoeleste
1588 2649 1633 2720 de
1651 2646 1834 2721 Kerinton
1850 2670 1934 2721 oum
1959 2645 2108 2723 ecelesia

666 2785 711 2857 de
729 2785 846 2859 Blare.

556 3091 636 3156 185.
668 3058 878 3179 Gregorius
903 3080 1098 3177 Episcopus
1122 3078 1243 3155 servus
1267 3078 1448 3155 servorum
1466 3083 1524 3155 dei
1541 3084 1586 3157 ad
1603 3094 1814 3180 perpetuam
1830 3086 1883 3159 rei
1898 3087 2107 3161 memoriam

665 3223 816 3315 hiisque
832 3222 870 3293 in
883 3221 1040 3293 favorem
1056 3230 1095 3291 et
1111 3219 1309 3293 utilitatem
1321 3217 1385 3292 sub
1398 3217 1494 3295 saore
1506 3224 1686 3319 religionis
1700 3225 1845 3297 domino
1855 3224 2106 3299 famulantium

666 3363 723 3455 pie
747 3382 790 3432 aa
810 3358 1051 3431 favorabiliter
1067 3358 1159 3430 latta
1183 3358 1292 3430 suntr
1307 3366 1350 3431 ut
1374 3358 1513 3433 illibata
1537 3356 1729 3433 consistant
1754 3361 1909 3434 libenter
1933 3364 2106 3435 adicimus

665 3493 847 3591 apostolici
857 3494 1066 3565 muniminis
1079 3494 1288 3566 firmitatem
1299 3492 1383 3566 sane
1395 3496 1524 3588 petitio
1536 3519 1601 3589 pro
1613 3505 1716 3592 parte
1728 3498 1940 3571 diletborum
1952 3499 2106 3603 filiorum

664 3631 805 3707 abbatis
821 3638 860 3703 et
877 3638 1075 3703 eonventus
1091 3626 1294 3703 monasterii
1310 3631 1356 3703 de
1369 3630 1488 3706 Soona
1504 3634 1636 3706 ordinis
1648 3630 1758 3706 santii
1772 3632 1965 3730 Augustini
1984 3635 2106 3708 Saniti

665 3770 813 3845 Andree
838 3765 985 3841 diooelis
1009 3768 1112 3841 nobis
1137 3789 1253 3863 nuper
1276 3770 1439 3843 exhibita
1463 3771 1673 3844 continebat
1696 3772 1792 3864 quod
1817 3772 1904 3845 olim
1923 3796 1988 3867 pro
2004 3784 2107 3868 parte

665 3904 818 4003 ipsorum
844 3906 984 3979 abbatis
1009 3914 1048 3978 et
1063 3914 1262 3979 conventus
1286 3907 1481 3981 venerabili
1506 3908 1607 3981 fratri
1632 3906 1751 3981 nostro
1769 3907 1944 4004 Episcopo
1969 3911 2105 3984 Saniti-

666 4044 796 4117 andree
807 4039 967 4139 exposito
978 4042 1073 4136 quod
1087 4038 1451 4139 eoolefiaparoohialis
1462 4048 1507 4120 de
1517 4045 1725 4119 Keriutouu
1737 4048 1831 4120 diae
1842 4043 1988 4121 diooefis
1998 4070 2105 4142 quam

665 4183 794 4276 prefati
819 4181 929 4255 abbas
954 4188 992 4253 et
1015 4189 1214 4254 conventus
1230 4205 1253 4255 a
1268 4182 1394 4255 multis
1418 4191 1515 4257 retro
1537 4183 1759 4278 temporibus
1780 4186 1819 4257 in
1841 4186 2000 4280 proprios
2025 4183 2107 4258 usus

666 4321 835 4392 canonice
848 4326 1041 4417 tenuerant
1053 4342 1074 4391 a
1085 4319 1225 4413 prefato
1237 4316 1450 4393 monasterio
1467 4321 1624 4394 multum
1638 4318 1813 4395 distabat!
1825 4329 1864 4395 et
1875 4323 1972 4416 qnod
1984 4346 2107 4416 quam·

666 4459 719 4529 vis
736 4459 773 4528 in
795 4457 993 4528 redditibus
1008 4451 1093 4530 satis
1108 4456 1333 4531 habundaret
1348 4458 1425 4553 ejus
1441 4467 1566 4532 tamen
1581 4459 1721 4533 utilitas
1736 4468 1883 4554 propter
1905 4457 2105 4555 hujusmodi

666 4591 868 4666 distantiam
881 4602 919 4666 et
937 4595 1073 4665 riarum
1091 4590 1291 4668 discrimina
1305 4597 1344 4668 iu
1361 4599 1556 4671 eorundem
1573 4597 1729 4670 Abbatis
1746 4607 1785 4670 et
1797 4607 1995 4671 conventus
2011 4621 2107 4673 oom-

665 4732 812 4803 modum
829 4732 874 4802 de
890 4730 985 4803 facili
1012 4732 1172 4804 converti
1197 4756 1270 4805 non
1295 4743 1437 4827 poterat
1479 4733 1528 4805 Et
1545 4734 1640 4828 quod
1664 4734 1874 4829 paroehialis
1899 4730 2046 4808 eoolelia
2062 4736 2107 4807 de

665 4867 763 4942 blare
779 4868 919 4963 prefate
936 4865 1109 4943 diooelist
1126 4870 1228 4964 eujus
1252 4870 1398 4945 collatio
1414 4866 1564 4966 prosilio
1587 4880 1626 4943 et
1646 4873 1851 4945 omnimoda
1866 4868 2045 4966 dispolitio
2061 4874 2106 4946 ad
