<?xml version="1.0" encoding="UTF-8"?>
<!DOCTYPE html PUBLIC "-//W3C//DTD XHTML 1.0 Transitional//EN"
    "http://www.w3.org/TR/xhtml1/DTD/xhtml1-transitional.dtd">
<html xmlns="http://www.w3.org/1999/xhtml" xml:lang="en" lang="en">
 <head>
  <title>
</title>
<meta http-equiv="Content-Type" content="text/html;charset=utf-8" />
  <meta name='ocr-system' content='tesseract 3.04.00' />
  <meta name='ocr-capabilities' content='ocr_page ocr_carea ocr_par ocr_line ocrx_word'/>
</head>
<body>
  <div class='ocr_page' id='page_1' title='image "./liberecclesiede00abbegoog_0165.png"; bbox 0 0 4917 6509; ppageno 0'>
   <div class='ocr_carea' id='block_1_1' title="bbox 399 784 1847 865">
    <p class='ocr_par' dir='ltr' id='par_1_1' title="bbox 399 784 1847 865">
     <span class='ocr_line' id='line_1_1' title="bbox 399 784 1847 865; baseline 0.004 -6"><span class='ocrx_word' id='word_1_1' title='bbox 399 804 485 859; x_wconf 77' lang='lat' dir='ltr'>aaa.</span> <span class='ocrx_word' id='word_1_2' title='bbox 500 807 620 859; x_wconf 78' lang='lat' dir='ltr'>mvn&gt;</span> <span class='ocrx_word' id='word_1_3' title='bbox 634 808 675 859; x_wconf 92' lang='lat'>11.</span> <span class='ocrx_word' id='word_1_4' title='bbox 811 788 849 861; x_wconf 88' lang='lat' dir='ltr'>S.</span> <span class='ocrx_word' id='word_1_5' title='bbox 873 785 1170 861; x_wconf 79' lang='lat' dir='ltr'>TRINITATIS</span> <span class='ocrx_word' id='word_1_6' title='bbox 1197 784 1267 859; x_wconf 85' lang='lat' dir='ltr'>DE</span> <span class='ocrx_word' id='word_1_7' title='bbox 1294 786 1439 861; x_wconf 83' lang='lat' dir='ltr'>scoN.</span> <span class='ocrx_word' id='word_1_8' title='bbox 1778 795 1847 865; x_wconf 89' lang='lat'>109</span> 
     </span>
    </p>
   </div>
   <div class='ocr_carea' id='block_1_2' title="bbox 397 1114 1481 1213">
    <p class='ocr_par' dir='ltr' id='par_1_2' title="bbox 397 1114 1481 1213">
     <span class='ocr_line' id='line_1_2' title="bbox 397 1114 1481 1213; baseline -0.001 -25"><span class='ocrx_word' id='word_1_9' title='bbox 397 1115 507 1189; x_wconf 81' lang='lat' dir='ltr'>Carta</span> <span class='ocrx_word' id='word_1_10' title='bbox 523 1116 692 1213; x_wconf 83' lang='lat' dir='ltr'>Symonis</span> <span class='ocrx_word' id='word_1_11' title='bbox 709 1118 849 1191; x_wconf 87' lang='lat' dir='ltr'>abbatis</span> <span class='ocrx_word' id='word_1_12' title='bbox 866 1114 1040 1213; x_wconf 78' lang='lat' dir='ltr'>Magistro</span> <span class='ocrx_word' id='word_1_13' title='bbox 1056 1115 1206 1189; x_wconf 80' lang='lat' dir='ltr'>Andros</span> <span class='ocrx_word' id='word_1_14' title='bbox 1222 1118 1269 1189; x_wconf 90' lang='lat' dir='ltr'>de</span> <span class='ocrx_word' id='word_1_15' title='bbox 1286 1116 1481 1211; x_wconf 83' lang='lat' dir='ltr'>Stn’nelyn.</span> 
     </span>
    </p>
   </div>
   <div class='ocr_carea' id='block_1_3' title="bbox 300 1361 1960 4457">
    <p class='ocr_par' dir='ltr' id='par_1_3' title="bbox 300 1361 1960 4457">
     <span class='ocr_line' id='line_1_3' title="bbox 300 1361 1960 1483; baseline -0.001 -21"><span class='ocrx_word' id='word_1_16' title='bbox 300 1380 379 1451; x_wconf 79' lang='lat'><strong>149·</strong></span> <span class='ocrx_word' id='word_1_17' title='bbox 400 1364 591 1462; x_wconf 80' lang='lat' dir='ltr'>Omnibus</span> <span class='ocrx_word' id='word_1_18' title='bbox 607 1390 700 1463; x_wconf 91' lang='lat' dir='ltr'>hanc</span> <span class='ocrx_word' id='word_1_19' title='bbox 717 1398 853 1462; x_wconf 87' lang='lat' dir='ltr'>cartam</span> <span class='ocrx_word' id='word_1_20' title='bbox 870 1387 995 1461; x_wconf 89' lang='lat' dir='ltr'>visuris</span> <span class='ocrx_word' id='word_1_21' title='bbox 1012 1390 1070 1462; x_wconf 91' lang='lat' dir='ltr'>vel</span> <span class='ocrx_word' id='word_1_22' title='bbox 1086 1390 1261 1462; x_wconf 81' lang='lat' dir='ltr'>audituris</span> <span class='ocrx_word' id='word_1_23' title='bbox 1279 1386 1415 1483; x_wconf 87' lang='lat' dir='ltr'>Symon</span> <span class='ocrx_word' id='word_1_24' title='bbox 1433 1389 1490 1459; x_wconf 92' lang='lat' dir='ltr'>dei</span> <span class='ocrx_word' id='word_1_25' title='bbox 1507 1389 1627 1483; x_wconf 83' lang='lat' dir='ltr'>gracia</span> <span class='ocrx_word' id='word_1_26' title='bbox 1650 1389 1776 1461; x_wconf 88' lang='lat' dir='ltr'>Abbas</span> <span class='ocrx_word' id='word_1_27' title='bbox 1801 1392 1847 1461; x_wconf 87' lang='lat' dir='ltr'>ds</span> <span class='ocrx_word' id='word_1_28' title='bbox 1949 1361 1960 1391; x_wconf 65' lang='lat'><em>⁶</em></span> 
     </span>
     <span class='ocr_line' id='line_1_4' title="bbox 395 1521 1847 1618; baseline -0.001 -22"><span class='ocrx_word' id='word_1_29' title='bbox 395 1524 515 1597; x_wconf 86' lang='lat' dir='ltr'>Scona</span> <span class='ocrx_word' id='word_1_30' title='bbox 526 1532 565 1596; x_wconf 87' lang='lat' dir='ltr'>et</span> <span class='ocrx_word' id='word_1_31' title='bbox 581 1522 739 1618; x_wconf 86' lang='lat' dir='ltr'>ejusdem</span> <span class='ocrx_word' id='word_1_32' title='bbox 752 1524 821 1595; x_wconf 92' lang='lat' dir='ltr'>loci</span> <span class='ocrx_word' id='word_1_33' title='bbox 835 1533 1033 1596; x_wconf 85' lang='lat' dir='ltr'>conventus</span> <span class='ocrx_word' id='word_1_34' title='bbox 1050 1533 1213 1597; x_wconf 89' lang='lat' dir='ltr'>eternam</span> <span class='ocrx_word' id='word_1_35' title='bbox 1225 1526 1265 1595; x_wconf 93' lang='lat' dir='ltr'>in</span> <span class='ocrx_word' id='word_1_36' title='bbox 1277 1525 1423 1595; x_wconf 91' lang='lat' dir='ltr'>domino</span> <span class='ocrx_word' id='word_1_37' title='bbox 1433 1521 1586 1595; x_wconf 87' lang='lat' dir='ltr'>salutem</span> <span class='ocrx_word' id='word_1_38' title='bbox 1598 1524 1754 1597; x_wconf 82' lang='lat' dir='ltr'>Noverit</span> <span class='ocrx_word' id='word_1_39' title='bbox 1766 1528 1847 1596; x_wconf 90' lang='lat' dir='ltr'>uni-</span> 
     </span>
     <span class='ocr_line' id='line_1_5' title="bbox 394 1653 1845 1753; baseline 0.002 -25"><span class='ocrx_word' id='word_1_40' title='bbox 394 1655 540 1731; x_wconf 73' lang='lat' dir='ltr'>versitas</span> <span class='ocrx_word' id='word_1_41' title='bbox 558 1655 674 1732; x_wconf 87' lang='lat' dir='ltr'>vestra</span> <span class='ocrx_word' id='word_1_42' title='bbox 690 1681 756 1731; x_wconf 90' lang='lat' dir='ltr'>nos</span> <span class='ocrx_word' id='word_1_43' title='bbox 773 1660 818 1731; x_wconf 90' lang='lat' dir='ltr'>de</span> <span class='ocrx_word' id='word_1_44' title='bbox 834 1661 996 1731; x_wconf 91' lang='lat' dir='ltr'>unanimi</span> <span class='ocrx_word' id='word_1_45' title='bbox 1021 1656 1192 1731; x_wconf 83' lang='lat' dir='ltr'>consensu</span> <span class='ocrx_word' id='word_1_46' title='bbox 1216 1669 1255 1731; x_wconf 88' lang='lat' dir='ltr'>st</span> <span class='ocrx_word' id='word_1_47' title='bbox 1279 1653 1415 1731; x_wconf 77' lang='lat' dir='ltr'>offensu</span> <span class='ocrx_word' id='word_1_48' title='bbox 1441 1660 1554 1730; x_wconf 86' lang='lat' dir='ltr'>totius</span> <span class='ocrx_word' id='word_1_49' title='bbox 1570 1659 1718 1753; x_wconf 89' lang='lat' dir='ltr'>capituli</span> <span class='ocrx_word' id='word_1_50' title='bbox 1735 1656 1845 1731; x_wconf 88' lang='lat' dir='ltr'>nostri</span> 
     </span>
     <span class='ocr_line' id='line_1_6' title="bbox 392 1790 1845 1890; baseline 0.001 -25"><span class='ocrx_word' id='word_1_51' title='bbox 392 1790 607 1866; x_wconf 83' lang='lat' dir='ltr'>alsedaffeet</span> <span class='ocrx_word' id='word_1_52' title='bbox 620 1797 819 1867; x_wconf 80' lang='lat' dir='ltr'>adlimam</span> <span class='ocrx_word' id='word_1_53' title='bbox 832 1791 996 1867; x_wconf 81' lang='lat' dir='ltr'>dimifillb</span> <span class='ocrx_word' id='word_1_54' title='bbox 1008 1792 1175 1890; x_wconf 83' lang='lat' dir='ltr'>magistro</span> <span class='ocrx_word' id='word_1_55' title='bbox 1188 1791 1337 1866; x_wconf 88' lang='lat' dir='ltr'>Andree</span> <span class='ocrx_word' id='word_1_56' title='bbox 1350 1796 1395 1865; x_wconf 87' lang='lat' dir='ltr'>de</span> <span class='ocrx_word' id='word_1_57' title='bbox 1407 1792 1592 1887; x_wconf 84' lang='lat' dir='ltr'>Striuelyn</span> <span class='ocrx_word' id='word_1_58' title='bbox 1605 1817 1670 1888; x_wconf 90' lang='lat' dir='ltr'>pro</span> <span class='ocrx_word' id='word_1_59' title='bbox 1682 1806 1845 1889; x_wconf 87' lang='lat' dir='ltr'>tempore</span> 
     </span>
     <span class='ocr_line' id='line_1_7' title="bbox 392 1926 1844 2004; baseline 0.001 -5"><span class='ocrx_word' id='word_1_60' title='bbox 392 1932 467 2000; x_wconf 89' lang='lat' dir='ltr'>vite</span> <span class='ocrx_word' id='word_1_61' title='bbox 483 1928 545 2003; x_wconf 86' lang='lat' dir='ltr'>sue</span> <span class='ocrx_word' id='word_1_62' title='bbox 563 1939 678 2002; x_wconf 89' lang='lat' dir='ltr'>totam</span> <span class='ocrx_word' id='word_1_63' title='bbox 703 1941 836 2003; x_wconf 85' lang='lat' dir='ltr'>terram</span> <span class='ocrx_word' id='word_1_64' title='bbox 860 1927 1016 2002; x_wconf 83' lang='lat' dir='ltr'>nostram</span> <span class='ocrx_word' id='word_1_65' title='bbox 1034 1932 1080 2001; x_wconf 93' lang='lat' dir='ltr'>de</span> <span class='ocrx_word' id='word_1_66' title='bbox 1097 1926 1328 2002; x_wconf 87' lang='lat' dir='ltr'>Girsmerand</span> <span class='ocrx_word' id='word_1_67' title='bbox 1350 1952 1433 2001; x_wconf 91' lang='lat' dir='ltr'>oum</span> <span class='ocrx_word' id='word_1_68' title='bbox 1456 1928 1624 2001; x_wconf 89' lang='lat' dir='ltr'>omnibus</span> <span class='ocrx_word' id='word_1_69' title='bbox 1646 1927 1717 2002; x_wconf 85' lang='lat' dir='ltr'>suis</span> <span class='ocrx_word' id='word_1_70' title='bbox 1739 1933 1844 2004; x_wconf 66' lang='lat' dir='ltr'>redis</span> 
     </span>
     <span class='ocr_line' id='line_1_8' title="bbox 393 2061 1844 2159; baseline 0.001 -24"><span class='ocrx_word' id='word_1_71' title='bbox 393 2061 511 2137; x_wconf 78' lang='lat' dir='ltr'>divitis</span> <span class='ocrx_word' id='word_1_72' title='bbox 529 2066 844 2138; x_wconf 75' lang='lat' dir='ltr'>commoditatibus</span> <span class='ocrx_word' id='word_1_73' title='bbox 861 2075 900 2138; x_wconf 88' lang='lat' dir='ltr'>et</span> <span class='ocrx_word' id='word_1_74' title='bbox 916 2061 1143 2159; x_wconf 83' lang='lat' dir='ltr'>ayfiamcntis</span> <span class='ocrx_word' id='word_1_75' title='bbox 1160 2066 1206 2137; x_wconf 87' lang='lat' dir='ltr'>ad</span> <span class='ocrx_word' id='word_1_76' title='bbox 1223 2066 1354 2138; x_wconf 75' lang='lat' dir='ltr'>diuam</span> <span class='ocrx_word' id='word_1_77' title='bbox 1370 2073 1503 2137; x_wconf 83' lang='lat' dir='ltr'>terram</span> <span class='ocrx_word' id='word_1_78' title='bbox 1523 2064 1765 2159; x_wconf 53' lang='lat' dir='ltr'>spatiantibus</span> <span class='ocrx_word' id='word_1_79' title='bbox 1781 2063 1844 2138; x_wconf 88' lang='lat' dir='ltr'>seu</span> 
     </span>
     <span class='ocr_line' id='line_1_9' title="bbox 392 2196 1843 2295; baseline 0.001 -26"><span class='ocrx_word' id='word_1_80' title='bbox 392 2200 437 2269; x_wconf 88' lang='lat' dir='ltr'>de</span> <span class='ocrx_word' id='word_1_81' title='bbox 456 2200 539 2293; x_wconf 88' lang='lat' dir='ltr'>jura</span> <span class='ocrx_word' id='word_1_82' title='bbox 556 2198 711 2294; x_wconf 72' lang='lat' dir='ltr'>spatiare</span> <span class='ocrx_word' id='word_1_83' title='bbox 728 2202 932 2274; x_wconf 89' lang='lat' dir='ltr'>valentibus</span> <span class='ocrx_word' id='word_1_84' title='bbox 949 2224 972 2272; x_wconf 89' lang='lat' dir='ltr'>a</span> <span class='ocrx_word' id='word_1_85' title='bbox 988 2196 1076 2273; x_wconf 80' lang='lat' dir='ltr'>festo</span> <span class='ocrx_word' id='word_1_86' title='bbox 1093 2199 1203 2273; x_wconf 69' lang='lat' dir='ltr'>sancii</span> <span class='ocrx_word' id='word_1_87' title='bbox 1228 2203 1373 2273; x_wconf 86' lang='lat' dir='ltr'>martini</span> <span class='ocrx_word' id='word_1_88' title='bbox 1397 2204 1436 2271; x_wconf 90' lang='lat' dir='ltr'>in</span> <span class='ocrx_word' id='word_1_89' title='bbox 1462 2222 1566 2293; x_wconf 86' lang='lat' dir='ltr'>yeme</span> <span class='ocrx_word' id='word_1_90' title='bbox 1591 2201 1703 2272; x_wconf 89' lang='lat' dir='ltr'>Anno</span> <span class='ocrx_word' id='word_1_91' title='bbox 1727 2204 1843 2295; x_wconf 86' lang='lat' dir='ltr'>gratie</span> 
     </span>
     <span class='ocr_line' id='line_1_10' title="bbox 391 2330 1843 2429; baseline -0.003 -19"><span class='ocrx_word' id='word_1_92' title='bbox 391 2330 448 2410; x_wconf 52' lang='grc' dir='ltr'>αἳ</span> <span class='ocrx_word' id='word_1_93' title='bbox 464 2341 539 2407; x_wconf 84' lang='lat' dir='ltr'>coc⁰</span> <span class='ocrx_word' id='word_1_94' title='bbox 556 2333 721 2409; x_wconf 84' lang='lat' dir='ltr'>vicefimo</span> <span class='ocrx_word' id='word_1_95' title='bbox 745 2334 849 2409; x_wconf 87' lang='lat' dir='ltr'>sexto</span> <span class='ocrx_word' id='word_1_96' title='bbox 875 2335 1035 2409; x_wconf 74' lang='lat' dir='ltr'>Solvend</span> <span class='ocrx_word' id='word_1_97' title='bbox 1060 2337 1222 2429; x_wconf 87' lang='lat' dir='ltr'>quolibet</span> <span class='ocrx_word' id='word_1_98' title='bbox 1244 2360 1339 2408; x_wconf 89' lang='lat' dir='ltr'>anno</span> <span class='ocrx_word' id='word_1_99' title='bbox 1361 2338 1519 2429; x_wconf 87' lang='lat' dir='ltr'>quinqua</span> <span class='ocrx_word' id='word_1_100' title='bbox 1543 2358 1680 2409; x_wconf 73' lang='lat' dir='ltr'>nnrcas</span> <span class='ocrx_word' id='word_1_101' title='bbox 1703 2334 1843 2407; x_wconf 80' lang='lat' dir='ltr'>sterlin-</span> 
     </span>
     <span class='ocr_line' id='line_1_11' title="bbox 391 2467 1843 2565; baseline 0.001 -24"><span class='ocrx_word' id='word_1_102' title='bbox 391 2493 517 2565; x_wconf 85' lang='lat' dir='ltr'>gorum</span> <span class='ocrx_word' id='word_1_103' title='bbox 545 2472 590 2543; x_wconf 92' lang='lat' dir='ltr'>ad</span> <span class='ocrx_word' id='word_1_104' title='bbox 620 2474 710 2545; x_wconf 89' lang='lat' dir='ltr'>duos</span> <span class='ocrx_word' id='word_1_105' title='bbox 739 2475 823 2545; x_wconf 90' lang='lat' dir='ltr'>anni</span> <span class='ocrx_word' id='word_1_106' title='bbox 853 2473 1026 2544; x_wconf 87' lang='lat' dir='ltr'>terminos</span> <span class='ocrx_word' id='word_1_107' title='bbox 1044 2472 1213 2545; x_wconf 89' lang='lat' dir='ltr'>videlicet</span> <span class='ocrx_word' id='word_1_108' title='bbox 1231 2472 1464 2544; x_wconf 87' lang='lat' dir='ltr'>medietatem</span> <span class='ocrx_word' id='word_1_109' title='bbox 1489 2472 1535 2542; x_wconf 90' lang='lat' dir='ltr'>ad</span> <span class='ocrx_word' id='word_1_110' title='bbox 1558 2467 1688 2541; x_wconf 86' lang='lat' dir='ltr'>festum</span> <span class='ocrx_word' id='word_1_111' title='bbox 1712 2471 1843 2543; x_wconf 86' lang='lat' dir='ltr'>Pente-</span> 
     </span>
     <span class='ocr_line' id='line_1_12' title="bbox 392 2602 1842 2703; baseline 0.001 -26"><span class='ocrx_word' id='word_1_112' title='bbox 392 2602 505 2677; x_wconf 83' lang='lat' dir='ltr'>costes</span> <span class='ocrx_word' id='word_1_113' title='bbox 516 2616 554 2679; x_wconf 92' lang='lat' dir='ltr'>et</span> <span class='ocrx_word' id='word_1_114' title='bbox 564 2607 671 2680; x_wconf 90' lang='lat' dir='ltr'>aliam</span> <span class='ocrx_word' id='word_1_115' title='bbox 684 2606 1116 2681; x_wconf 81' lang='lat' dir='ltr'>medietatemadfsstum</span> <span class='ocrx_word' id='word_1_116' title='bbox 1126 2606 1236 2680; x_wconf 78' lang='lat' dir='ltr'>santti</span> <span class='ocrx_word' id='word_1_117' title='bbox 1248 2606 1402 2679; x_wconf 87' lang='lat' dir='ltr'>Martini</span> <span class='ocrx_word' id='word_1_118' title='bbox 1415 2608 1452 2676; x_wconf 94' lang='lat' dir='ltr'>in</span> <span class='ocrx_word' id='word_1_119' title='bbox 1462 2610 1570 2703; x_wconf 70' lang='lat' dir='ltr'>yeme</span> <span class='ocrx_word' id='word_1_120' title='bbox 1580 2615 1619 2678; x_wconf 86' lang='lat' dir='ltr'>et</span> <span class='ocrx_word' id='word_1_121' title='bbox 1630 2603 1680 2677; x_wconf 84' lang='lat' dir='ltr'>lic</span> <span class='ocrx_word' id='word_1_122' title='bbox 1689 2608 1735 2677; x_wconf 92' lang='lat' dir='ltr'>de</span> <span class='ocrx_word' id='word_1_123' title='bbox 1747 2630 1842 2679; x_wconf 91' lang='lat' dir='ltr'>anno</span> 
     </span>
     <span class='ocr_line' id='line_1_13' title="bbox 392 2739 1843 2835; baseline -0.001 -23"><span class='ocrx_word' id='word_1_124' title='bbox 392 2744 429 2812; x_wconf 93' lang='lat' dir='ltr'>in</span> <span class='ocrx_word' id='word_1_125' title='bbox 455 2765 591 2814; x_wconf 88' lang='lat' dir='ltr'>annum</span> <span class='ocrx_word' id='word_1_126' title='bbox 614 2752 652 2815; x_wconf 89' lang='lat' dir='ltr'>ot</span> <span class='ocrx_word' id='word_1_127' title='bbox 677 2744 723 2815; x_wconf 89' lang='lat' dir='ltr'>do</span> <span class='ocrx_word' id='word_1_128' title='bbox 747 2744 902 2815; x_wconf 89' lang='lat' dir='ltr'>termino</span> <span class='ocrx_word' id='word_1_129' title='bbox 927 2745 965 2813; x_wconf 90' lang='lat' dir='ltr'>in</span> <span class='ocrx_word' id='word_1_130' title='bbox 991 2745 1186 2815; x_wconf 89' lang='lat' dir='ltr'>terminum</span> <span class='ocrx_word' id='word_1_131' title='bbox 1203 2742 1377 2835; x_wconf 88' lang='lat' dir='ltr'>usquead</span> <span class='ocrx_word' id='word_1_132' title='bbox 1394 2743 1590 2813; x_wconf 91' lang='lat' dir='ltr'>terminum</span> <span class='ocrx_word' id='word_1_133' title='bbox 1607 2742 1683 2812; x_wconf 89' lang='lat' dir='ltr'>vite</span> <span class='ocrx_word' id='word_1_134' title='bbox 1698 2739 1760 2812; x_wconf 90' lang='lat' dir='ltr'>sue</span> <span class='ocrx_word' id='word_1_135' title='bbox 1776 2739 1843 2812; x_wconf 86' lang='lat' dir='ltr'>nifi</span> 
     </span>
     <span class='ocr_line' id='line_1_14' title="bbox 393 2866 1842 2971; baseline 0 -24"><span class='ocrx_word' id='word_1_136' title='bbox 393 2878 488 2969; x_wconf 93' lang='lat' dir='ltr'>quod</span> <span class='ocrx_word' id='word_1_137' title='bbox 504 2874 596 2949; x_wconf 90' lang='lat' dir='ltr'>abfit</span> <span class='ocrx_word' id='word_1_138' title='bbox 614 2880 830 2971; x_wconf 89' lang='lat' dir='ltr'>impotentia</span> <span class='ocrx_word' id='word_1_139' title='bbox 853 2876 915 2950; x_wconf 90' lang='lat' dir='ltr'>sua</span> <span class='ocrx_word' id='word_1_140' title='bbox 937 2877 1182 2971; x_wconf 78' lang='lat' dir='ltr'>supervenerit</span> <span class='ocrx_word' id='word_1_141' title='bbox 1199 2877 1250 2948; x_wconf 86' lang='lat' dir='ltr'>Et</span> <span class='ocrx_word' id='word_1_142' title='bbox 1273 2866 1388 2949; x_wconf 72' lang='lat' dir='ltr'>ditius</span> <span class='ocrx_word' id='word_1_143' title='bbox 1402 2872 1571 2971; x_wconf 79' lang='lat' dir='ltr'>magister</span> <span class='ocrx_word' id='word_1_144' title='bbox 1587 2874 1753 2947; x_wconf 82' lang='lat' dir='ltr'>Andreas</span> <span class='ocrx_word' id='word_1_145' title='bbox 1768 2900 1842 2947; x_wconf 93' lang='lat' dir='ltr'>non</span> 
     </span>
     <span class='ocr_line' id='line_1_15' title="bbox 392 3007 1841 3107; baseline -0.001 -24"><span class='ocrx_word' id='word_1_146' title='bbox 392 3007 563 3084; x_wconf 84' lang='lat' dir='ltr'>ailedabit</span> <span class='ocrx_word' id='word_1_147' title='bbox 581 3014 712 3084; x_wconf 71' lang='lat' dir='ltr'>didam</span> <span class='ocrx_word' id='word_1_148' title='bbox 728 3025 861 3085; x_wconf 85' lang='lat' dir='ltr'>terram</span> <span class='ocrx_word' id='word_1_149' title='bbox 887 3012 945 3085; x_wconf 90' lang='lat' dir='ltr'>vel</span> <span class='ocrx_word' id='word_1_150' title='bbox 962 3011 1120 3104; x_wconf 85' lang='lat' dir='ltr'>aliquam</span> <span class='ocrx_word' id='word_1_151' title='bbox 1136 3022 1277 3107; x_wconf 86' lang='lat' dir='ltr'>partem</span> <span class='ocrx_word' id='word_1_152' title='bbox 1293 3008 1451 3104; x_wconf 88' lang='lat' dir='ltr'>ejusdem</span> <span class='ocrx_word' id='word_1_153' title='bbox 1467 3010 1576 3083; x_wconf 83' lang='lat' dir='ltr'>alieni</span> <span class='ocrx_word' id='word_1_154' title='bbox 1592 3007 1630 3082; x_wconf 87' lang='lat' dir='ltr'>se</span> <span class='ocrx_word' id='word_1_155' title='bbox 1644 3013 1841 3103; x_wconf 89' lang='lat' dir='ltr'>potentiori</span> 
     </span>
     <span class='ocr_line' id='line_1_16' title="bbox 394 3141 1842 3240; baseline 0 -23"><span class='ocrx_word' id='word_1_156' title='bbox 394 3146 460 3217; x_wconf 88' lang='lat' dir='ltr'>Set</span> <span class='ocrx_word' id='word_1_157' title='bbox 482 3146 634 3217; x_wconf 84' lang='lat' dir='ltr'>eandem</span> <span class='ocrx_word' id='word_1_158' title='bbox 659 3154 792 3219; x_wconf 86' lang='lat' dir='ltr'>terram</span> <span class='ocrx_word' id='word_1_159' title='bbox 817 3169 899 3218; x_wconf 90' lang='lat' dir='ltr'>cum</span> <span class='ocrx_word' id='word_1_160' title='bbox 925 3149 1153 3240; x_wconf 85' lang='lat' dir='ltr'>pertinentiis</span> <span class='ocrx_word' id='word_1_161' title='bbox 1177 3145 1325 3239; x_wconf 85' lang='lat' dir='ltr'>pacifice</span> <span class='ocrx_word' id='word_1_162' title='bbox 1348 3141 1538 3239; x_wconf 88' lang='lat' dir='ltr'>poffidebit</span> <span class='ocrx_word' id='word_1_163' title='bbox 1563 3154 1602 3217; x_wconf 88' lang='lat' dir='ltr'>et</span> <span class='ocrx_word' id='word_1_164' title='bbox 1625 3144 1842 3218; x_wconf 74' lang='lat' dir='ltr'>inhabitabit</span> 
     </span>
     <span class='ocr_line' id='line_1_17' title="bbox 393 3278 1842 3376; baseline 0 -25"><span class='ocrx_word' id='word_1_165' title='bbox 393 3280 444 3351; x_wconf 88' lang='lat' dir='ltr'>Et</span> <span class='ocrx_word' id='word_1_166' title='bbox 460 3282 557 3352; x_wconf 90' lang='lat' dir='ltr'>idem</span> <span class='ocrx_word' id='word_1_167' title='bbox 581 3278 748 3376; x_wconf 80' lang='lat' dir='ltr'>magister</span> <span class='ocrx_word' id='word_1_168' title='bbox 772 3279 937 3354; x_wconf 83' lang='lat' dir='ltr'>Andreas</span> <span class='ocrx_word' id='word_1_169' title='bbox 960 3290 999 3353; x_wconf 91' lang='lat' dir='ltr'>et</span> <span class='ocrx_word' id='word_1_170' title='bbox 1024 3282 1188 3353; x_wconf 85' lang='lat' dir='ltr'>homines</span> <span class='ocrx_word' id='word_1_171' title='bbox 1205 3279 1259 3352; x_wconf 87' lang='lat' dir='ltr'>sui</span> <span class='ocrx_word' id='word_1_172' title='bbox 1281 3281 1413 3352; x_wconf 79' lang='lat' dir='ltr'>didtam</span> <span class='ocrx_word' id='word_1_173' title='bbox 1438 3290 1572 3353; x_wconf 88' lang='lat' dir='ltr'>terram</span> <span class='ocrx_word' id='word_1_174' title='bbox 1596 3280 1842 3353; x_wconf 87' lang='lat' dir='ltr'>inhabitantes</span> 
     </span>
     <span class='ocr_line' id='line_1_18' title="bbox 393 3413 1842 3511; baseline -0.001 -24"><span class='ocrx_word' id='word_1_175' title='bbox 393 3414 532 3487; x_wconf 89' lang='lat' dir='ltr'>solvent</span> <span class='ocrx_word' id='word_1_176' title='bbox 548 3416 755 3487; x_wconf 91' lang='lat' dir='ltr'>molendino</span> <span class='ocrx_word' id='word_1_177' title='bbox 773 3418 818 3487; x_wconf 90' lang='lat' dir='ltr'>ds</span> <span class='ocrx_word' id='word_1_178' title='bbox 843 3413 1070 3509; x_wconf 81' lang='lat' dir='ltr'>kyncaraucll</span> <span class='ocrx_word' id='word_1_179' title='bbox 1088 3413 1230 3489; x_wconf 88' lang='lat' dir='ltr'>sextum</span> <span class='ocrx_word' id='word_1_180' title='bbox 1248 3416 1428 3488; x_wconf 88' lang='lat' dir='ltr'>decimum</span> <span class='ocrx_word' id='word_1_181' title='bbox 1452 3438 1514 3487; x_wconf 91' lang='lat' dir='ltr'>vas</span> <span class='ocrx_word' id='word_1_182' title='bbox 1539 3416 1585 3487; x_wconf 91' lang='lat' dir='ltr'>de</span> <span class='ocrx_word' id='word_1_183' title='bbox 1609 3417 1708 3487; x_wconf 92' lang='lat' dir='ltr'>omni</span> <span class='ocrx_word' id='word_1_184' title='bbox 1731 3439 1842 3511; x_wconf 81' lang='lat' dir='ltr'>grano</span> 
     </span>
     <span class='ocr_line' id='line_1_19' title="bbox 393 3546 1842 3645; baseline 0.001 -22"><span class='ocrx_word' id='word_1_185' title='bbox 393 3548 573 3623; x_wconf 81' lang='lat' dir='ltr'>crescente</span> <span class='ocrx_word' id='word_1_186' title='bbox 605 3552 644 3622; x_wconf 92' lang='lat' dir='ltr'>iu</span> <span class='ocrx_word' id='word_1_187' title='bbox 674 3551 800 3623; x_wconf 90' lang='lat' dir='ltr'>eadem</span> <span class='ocrx_word' id='word_1_188' title='bbox 828 3550 887 3623; x_wconf 90' lang='lat' dir='ltr'>De</span> <span class='ocrx_word' id='word_1_189' title='bbox 914 3552 1029 3623; x_wconf 84' lang='lat' dir='ltr'>bladis</span> <span class='ocrx_word' id='word_1_190' title='bbox 1056 3573 1141 3623; x_wconf 88' lang='lat' dir='ltr'>voro</span> <span class='ocrx_word' id='word_1_191' title='bbox 1167 3574 1234 3644; x_wconf 87' lang='lat' dir='ltr'>por</span> <span class='ocrx_word' id='word_1_192' title='bbox 1265 3548 1381 3645; x_wconf 89' lang='lat' dir='ltr'>ipsum</span> <span class='ocrx_word' id='word_1_193' title='bbox 1414 3546 1622 3645; x_wconf 79' lang='lat' dir='ltr'>magistrum</span> <span class='ocrx_word' id='word_1_194' title='bbox 1656 3548 1842 3624; x_wconf 86' lang='lat' dir='ltr'>Andream</span> 
     </span>
     <span class='ocr_line' id='line_1_20' title="bbox 393 3683 1842 3781; baseline 0 -25"><span class='ocrx_word' id='word_1_195' title='bbox 393 3688 548 3759; x_wconf 87' lang='lat' dir='ltr'>venditis</span> <span class='ocrx_word' id='word_1_196' title='bbox 564 3685 743 3781; x_wconf 84' lang='lat' dir='ltr'>persolvet</span> <span class='ocrx_word' id='word_1_197' title='bbox 760 3686 1026 3759; x_wconf 88' lang='lat' dir='ltr'>molendinariis</span> <span class='ocrx_word' id='word_1_198' title='bbox 1044 3687 1128 3759; x_wconf 72' lang='lat' dir='ltr'>diui</span> <span class='ocrx_word' id='word_1_199' title='bbox 1145 3686 1343 3758; x_wconf 87' lang='lat' dir='ltr'>molendini</span> <span class='ocrx_word' id='word_1_200' title='bbox 1359 3683 1567 3757; x_wconf 69' lang='lat' dir='ltr'>vicesimum</span> <span class='ocrx_word' id='word_1_201' title='bbox 1585 3708 1647 3757; x_wconf 87' lang='lat' dir='ltr'>vas</span> <span class='ocrx_word' id='word_1_202' title='bbox 1663 3694 1702 3757; x_wconf 88' lang='lat' dir='ltr'>ct</span> <span class='ocrx_word' id='word_1_203' title='bbox 1726 3686 1842 3756; x_wconf 68' lang='lat' dir='ltr'>didus</span> 
     </span>
     <span class='ocr_line' id='line_1_21' title="bbox 393 3819 1842 3919; baseline -0.001 -26"><span class='ocrx_word' id='word_1_204' title='bbox 393 3819 560 3919; x_wconf 81' lang='lat' dir='ltr'>magister</span> <span class='ocrx_word' id='word_1_205' title='bbox 584 3820 749 3896; x_wconf 88' lang='lat' dir='ltr'>Andreas</span> <span class='ocrx_word' id='word_1_206' title='bbox 774 3825 896 3895; x_wconf 89' lang='lat' dir='ltr'>veniet</span> <span class='ocrx_word' id='word_1_207' title='bbox 921 3824 966 3894; x_wconf 92' lang='lat' dir='ltr'>ad</span> <span class='ocrx_word' id='word_1_208' title='bbox 991 3824 1062 3894; x_wconf 88' lang='lat' dir='ltr'>tria</span> <span class='ocrx_word' id='word_1_209' title='bbox 1085 3822 1218 3916; x_wconf 86' lang='lat' dir='ltr'>placita</span> <span class='ocrx_word' id='word_1_210' title='bbox 1243 3821 1411 3915; x_wconf 86' lang='lat' dir='ltr'>capitalia</span> <span class='ocrx_word' id='word_1_211' title='bbox 1427 3821 1511 3891; x_wconf 71' lang='lat' dir='ltr'>diui</span> <span class='ocrx_word' id='word_1_212' title='bbox 1529 3820 1669 3893; x_wconf 87' lang='lat' dir='ltr'>abbatis</span> <span class='ocrx_word' id='word_1_213' title='bbox 1694 3828 1733 3891; x_wconf 85' lang='lat' dir='ltr'>et</span> <span class='ocrx_word' id='word_1_214' title='bbox 1758 3844 1842 3891; x_wconf 91' lang='lat' dir='ltr'>con·</span> 
     </span>
     <span class='ocr_line' id='line_1_22' title="bbox 393 3951 1841 4048; baseline -0.002 -20"><span class='ocrx_word' id='word_1_215' title='bbox 393 3966 532 4048; x_wconf 79' lang='lat' dir='ltr'>ventus.</span> <span class='ocrx_word' id='word_1_216' title='bbox 576 3956 754 4031; x_wconf 87' lang='lat' dir='ltr'>Homines</span> <span class='ocrx_word' id='word_1_217' title='bbox 767 3981 851 4031; x_wconf 89' lang='lat' dir='ltr'>vero</span> <span class='ocrx_word' id='word_1_218' title='bbox 863 3956 916 4030; x_wconf 87' lang='lat' dir='ltr'>sui</span> <span class='ocrx_word' id='word_1_219' title='bbox 929 3958 1064 4031; x_wconf 87' lang='lat' dir='ltr'>facient</span> <span class='ocrx_word' id='word_1_220' title='bbox 1080 3958 1125 4028; x_wconf 91' lang='lat' dir='ltr'>ad</span> <span class='ocrx_word' id='word_1_221' title='bbox 1143 3958 1279 4029; x_wconf 90' lang='lat' dir='ltr'>curiam</span> <span class='ocrx_word' id='word_1_222' title='bbox 1295 3956 1432 4026; x_wconf 93' lang='lat' dir='ltr'>domini</span> <span class='ocrx_word' id='word_1_223' title='bbox 1446 3954 1604 4027; x_wconf 89' lang='lat' dir='ltr'>Abbatis</span> <span class='ocrx_word' id='word_1_224' title='bbox 1620 3951 1713 4026; x_wconf 86' lang='lat' dir='ltr'>ficut</span> <span class='ocrx_word' id='word_1_225' title='bbox 1729 3958 1841 4027; x_wconf 86' lang='lat' dir='ltr'>ceteri</span> 
     </span>
     <span class='ocr_line' id='line_1_23' title="bbox 395 4063 1904 4165; baseline -0.001 -3"><span class='ocrx_word' id='word_1_226' title='bbox 395 4088 569 4165; x_wconf 85' lang='lat' dir='ltr'>huibandi</span> <span class='ocrx_word' id='word_1_227' title='bbox 585 4063 723 4165; x_wconf 82' lang='lat' dir='ltr'>faciunt</span> <span class='ocrx_word' id='word_1_228' title='bbox 740 4102 778 4165; x_wconf 88' lang='lat' dir='ltr'>et</span> <span class='ocrx_word' id='word_1_229' title='bbox 794 4090 891 4165; x_wconf 79' lang='lat' dir='ltr'>salvo</span> <span class='ocrx_word' id='word_1_230' title='bbox 908 4093 1066 4165; x_wconf 84' lang='lat' dir='ltr'>dominia</span> <span class='ocrx_word' id='word_1_231' title='bbox 1087 4088 1182 4165; x_wconf 67' lang='lat' dir='ltr'>dioto</span> <span class='ocrx_word' id='word_1_232' title='bbox 1198 4090 1337 4162; x_wconf 88' lang='lat' dir='ltr'>Abbati</span> <span class='ocrx_word' id='word_1_233' title='bbox 1354 4099 1393 4162; x_wconf 90' lang='lat' dir='ltr'>et</span> <span class='ocrx_word' id='word_1_234' title='bbox 1409 4092 1603 4161; x_wconf 91' lang='lat' dir='ltr'>conventui</span> <span class='ocrx_word' id='word_1_235' title='bbox 1620 4091 1658 4159; x_wconf 90' lang='lat' dir='ltr'>in</span> <span class='ocrx_word' id='word_1_236' title='bbox 1675 4090 1841 4161; x_wconf 92' lang='lat' dir='ltr'>omnibus</span> <span class='ocrx_word' id='word_1_237' title='bbox 1899 4131 1904 4144; x_wconf 93' lang='lat'>·</span> 
     </span>
     <span class='ocr_line' id='line_1_24' title="bbox 396 4220 1840 4323; baseline -0.002 -24"><span class='ocrx_word' id='word_1_238' title='bbox 396 4226 442 4299; x_wconf 93' lang='lat' dir='ltr'>In</span> <span class='ocrx_word' id='word_1_239' title='bbox 468 4228 570 4321; x_wconf 90' lang='lat' dir='ltr'>cujus</span> <span class='ocrx_word' id='word_1_240' title='bbox 597 4226 666 4299; x_wconf 87' lang='lat' dir='ltr'>Rei</span> <span class='ocrx_word' id='word_1_241' title='bbox 692 4223 936 4299; x_wconf 91' lang='lat' dir='ltr'>testimonium</span> <span class='ocrx_word' id='word_1_242' title='bbox 962 4226 1129 4323; x_wconf 83' lang='lat' dir='ltr'>Sigillum</span> <span class='ocrx_word' id='word_1_243' title='bbox 1159 4247 1350 4298; x_wconf 86' lang='lat' dir='ltr'>commune</span> <span class='ocrx_word' id='word_1_244' title='bbox 1376 4226 1461 4296; x_wconf 78' lang='lat' dir='ltr'>ditti</span> <span class='ocrx_word' id='word_1_245' title='bbox 1487 4223 1636 4317; x_wconf 87' lang='lat' dir='ltr'>capituli</span> <span class='ocrx_word' id='word_1_246' title='bbox 1661 4220 1771 4297; x_wconf 90' lang='lat' dir='ltr'>nostri</span> <span class='ocrx_word' id='word_1_247' title='bbox 1795 4226 1840 4296; x_wconf 89' lang='lat' dir='ltr'>de</span> 
     </span>
     <span class='ocr_line' id='line_1_25' title="bbox 396 4358 804 4457; baseline -0.007 -22"><span class='ocrx_word' id='word_1_248' title='bbox 396 4362 515 4435; x_wconf 85' lang='lat' dir='ltr'>Scona</span> <span class='ocrx_word' id='word_1_249' title='bbox 529 4358 584 4434; x_wconf 87' lang='lat' dir='ltr'>est</span> <span class='ocrx_word' id='word_1_250' title='bbox 598 4360 804 4457; x_wconf 87' lang='lat' dir='ltr'>appensum.</span> 
     </span>
    </p>
   </div>
   <div class='ocr_carea' id='block_1_4' title="bbox 395 4629 1359 4726">
    <p class='ocr_par' dir='ltr' id='par_1_4' title="bbox 395 4629 1359 4726">
     <span class='ocr_line' id='line_1_26' title="bbox 395 4629 1359 4726; baseline -0.001 -24"><span class='ocrx_word' id='word_1_251' title='bbox 395 4629 628 4703; x_wconf 83' lang='lat' dir='ltr'>Confirmatio</span> <span class='ocrx_word' id='word_1_252' title='bbox 646 4630 796 4704; x_wconf 89' lang='lat' dir='ltr'>Davidis</span> <span class='ocrx_word' id='word_1_253' title='bbox 814 4630 925 4726; x_wconf 76' lang='lat' dir='ltr'>Rogds</span> <span class='ocrx_word' id='word_1_254' title='bbox 945 4630 1054 4704; x_wconf 82' lang='lat' dir='ltr'>Garte</span> <span class='ocrx_word' id='word_1_255' title='bbox 1071 4630 1221 4704; x_wconf 86' lang='lat' dir='ltr'>Robsrti</span> <span class='ocrx_word' id='word_1_256' title='bbox 1238 4631 1359 4726; x_wconf 79' lang='lat' dir='ltr'>Regis.</span> 
     </span>
    </p>
   </div>
   <div class='ocr_carea' id='block_1_5' title="bbox 297 4878 1837 5032">
    <p class='ocr_par' dir='ltr' id='par_1_5' title="bbox 297 4878 1837 5032">
     <span class='ocr_line' id='line_1_27' title="bbox 297 4878 1837 5032; baseline -0.001 -57"><span class='ocrx_word' id='word_1_257' title='bbox 297 4912 378 4977; x_wconf 84' lang='lat'><strong>150.</strong></span> <span class='ocrx_word' id='word_1_258' title='bbox 398 4878 532 4977; x_wconf 91' lang='lat' dir='ltr'>David</span> <span class='ocrx_word' id='word_1_259' title='bbox 562 4903 620 4975; x_wconf 92' lang='lat' dir='ltr'>dei</span> <span class='ocrx_word' id='word_1_260' title='bbox 652 4905 768 4997; x_wconf 81' lang='lat' dir='ltr'>gratia</span> <span class='ocrx_word' id='word_1_261' title='bbox 797 4902 880 4977; x_wconf 84' lang='lat' dir='ltr'>Rex</span> <span class='ocrx_word' id='word_1_262' title='bbox 914 4902 1124 4976; x_wconf 82' lang='lat' dir='ltr'>Scottorum</span> <span class='ocrx_word' id='word_1_263' title='bbox 1150 4899 1330 4973; x_wconf 88' lang='lat' dir='ltr'>Omnibus</span> <span class='ocrx_word' id='word_1_264' title='bbox 1349 4900 1470 4993; x_wconf 88' lang='lat' dir='ltr'>probis</span> <span class='ocrx_word' id='word_1_265' title='bbox 1493 4900 1699 4974; x_wconf 87' lang='lat' dir='ltr'>hominibus</span> <span class='ocrx_word' id='word_1_266' title='bbox 1722 4904 1837 5032; x_wconf 44' lang='lat' dir='ltr'>tmius</span> 
     </span>
    </p>
   </div>
   <div class='ocr_carea' id='block_1_6' title="bbox 0 0 2464 6501">
    <p class='ocr_par' dir='ltr' id='par_1_6' title="bbox 0 0 2464 6501">
     <span class='ocr_line' id='line_1_28' title="bbox 0 0 2464 6501; baseline 0 0"><span class='ocrx_word' id='word_1_267' title='bbox 0 0 2464 6501; x_wconf 95' lang='lat' dir='ltr'> </span> 
     </span>
    </p>
   </div>
  </div>
 </body>
</html>
