4917 6509
679 829 726 896 oe
941 782 945 789 ’
1192 820 1352 895 nnnnn
1376 820 1625 899 nconnsrs
1909 814 1918 832 ·
1971 845 2048 898 sec.
2066 845 2137 897 χιι.

680 1161 914 1235 Confirmatio
929 1158 1111 1235 Willelmi
1125 1159 1238 1258 Regis
1250 1161 1297 1237 de
1310 1162 1506 1235 donatione
1517 1157 1662 1234 Ricnrdi
1679 1161 1836 1257 episcopi
1854 1161 1978 1236 Sentii
1995 1161 2155 1239 Andree.

608 1449 653 1513 42
680 1415 907 1512 Willelmus
934 1438 1006 1513 Dei
1035 1438 1153 1535 gretie
1179 1436 1263 1511 Rex
1289 1435 1501 1511 Scottorum
1527 1433 1701 1532 episcopis
1725 1438 1918 1511 nbbntibus
1947 1442 2141 1513 comitibus

679 1578 871 1653 baronibus
882 1574 1034 1671 justitiis
1051 1575 1325 1651 vicecomitibus
1349 1570 1518 1650 ministris
1543 1582 1582 1647 et
1607 1575 1775 1648 omnibus
1797 1576 1919 1671 probis
1934 1577 2141 1653 hominibus

680 1719 794 1791 totius
817 1726 913 1790 terre
929 1713 1084 1789 sulutem
1135 1712 1262 1787 Sciunt
1285 1710 1471 1808 presentes
1496 1721 1535 1785 et
1559 1712 1673 1785 bituri
1701 1736 1761 1787 me
1786 1710 1987 1789 conceffiffe
2011 1718 2143 1790 etheo

681 1864 780 1929 cortu
796 1877 879 1927 men
895 1848 1116 1927 confirmasse
1141 1850 1222 1925 Deo
1250 1861 1289 1924 et
1314 1847 1464 1925 ecclesie
1489 1853 1535 1924 de
1561 1848 1658 1925 Scon
1684 1862 1724 1926 et
1747 1852 1871 1927 nbbeti
1896 1862 1936 1927 et
1959 1857 2142 1929 cononicis

680 1994 815 2066 ibidem
833 1992 915 2065 Deo
931 1989 1170 2064 servientibus
1195 1990 1443 2063 Donationem
1468 2014 1578 2084 quom
1595 1989 1773 2065 Ricurdus
1790 1990 1976 2089 episcopus
2002 1992 2143 2067 Sanet-

682 2132 814 2204 endree
832 2130 884 2203 eis
901 2129 989 2201 fecit
1006 2129 1051 2201 de
1070 2123 1220 2201 ecclesio
1236 2136 1275 2200 et
1291 2136 1391 2201 terro
1406 2129 1453 2200 de
1470 2127 1696 2224 Logydunde
1713 2127 1849 2202 scilicet
1869 2132 1917 2203 de
1941 2134 2040 2204 omni
2058 2134 2143 2228 jure

683 2270 779 2363 quod
796 2265 952 2363 episcopi
971 2264 1096 2339 sonui
1112 2264 1263 2338 Andres
1278 2264 1413 2339 hebere
1430 2266 1566 2339 debent
1588 2268 1627 2339 in
1650 2267 1811 2360 predicta
1827 2266 1977 2344 ecclesus
1992 2281 2031 2344 et
2047 2282 2144 2347 terra

684 2407 845 2481 Tenend.
864 2408 902 2479 in
919 2405 1071 2478 liberem
1088 2412 1126 2477 et
1142 2412 1357 2499 perpetuum
1375 2400 1606 2477 elemosrnnm
1631 2406 1684 2478 itn
1708 2403 1821 2478 libere
1837 2409 1960 2501 quiete
1984 2409 2145 2505 plenarie

683 2556 722 2619 et
739 2544 935 2619 honorifice
952 2512 1221 2615 cumomnibus
1238 2564 1362 2615 eurum
1380 2537 1483 2614 iustis
1505 2542 1736 2637 pertinentiis
1759 2540 1851 2616 ficut
1873 2556 1973 2619 corte
1997 2547 2143 2621 Ricardi

684 2694 724 2759 et
741 2683 910 2781 Hugonis
923 2681 1169 2778 episcoporum
1182 2678 1307 2754 Sentii
1320 2676 1984 2757 Andreetestonturetoonfirmnntur
2032 2685 2144 2759 Snluo

684 2822 829 2896 servitio
845 2844 939 2894 meo.
989 2818 1079 2933 'fest
1094 2832 1165 2891 to‘.

685 3097 795 3171 Curta
813 3097 994 3170 Willelmi
1013 3096 1123 3193 Regis
1140 3096 1185 3167 de
1207 3096 1336 3192 viginti
1354 3093 1475 3167 solidis
1492 3093 1558 3168 &e
1575 3096 1620 3168 nd
1639 3096 1762 3170 lumen
1780 3097 1939 3172 ecclesie.

616 3390 661 3456 43
686 3350 913 3447 Willelmus
930 3372 1013 3445 Rex
1031 3370 1243 3445 Scottorum
1260 3370 1442 3444 Omnibus
1458 3373 1579 3464 probis
1604 3374 1810 3447 bominibus
1827 3377 1942 3449 totius
1961 3388 2058 3451 terre
2082 3380 2144 3453 sue

684 3510 838 3585 salutern
888 3508 1020 3583 Sciatis
1044 3531 1104 3581 me
1130 3502 1331 3581 conoeffiffe
1356 3516 1395 3580 et
1422 3508 1491 3581 boo
1517 3521 1617 3583 corto
1642 3533 1725 3584 mea
1751 3510 1972 3586 confirmatio
1998 3515 2080 3589 Deo
2107 3529 2146 3592 et

687 3644 835 3723 eoclefie
865 3648 910 3719 de
939 3648 1035 3720 Soon
1064 3655 1102 3719 et
1128 3646 1253 3719 nbbeti
1282 3655 1321 3719 et
1351 3647 1533 3719 cononicis
1561 3648 1695 3720 ibidem
1724 3647 1807 3720 Deo
1831 3647 2070 3729 servientibus
2099 3659 2145 3731 ad

687 3788 811 3860 lumen
828 3786 968 3881 prefate
985 3780 1134 3857 eoclefie
1151 3784 1282 3881 viginti
1298 3781 1430 3857 solidos
1447 3784 1492 3857 de
1509 3784 1614 3857 firma
1635 3806 1719 3858 men
1735 3780 1780 3859 de
1798 3784 1912 3860 Perth
1929 3798 1968 3862 et
1985 3792 2031 3865 od
2047 3795 2145 3869 idem

686 3926 874 4023 negotium
904 3924 1031 3996 decem
1054 3920 1184 3995 solidos
1210 3922 1257 3994 de
1279 3922 1383 3995 firmo
1409 3923 1563 3996 duorum
1590 3923 1879 3997 molendinorum
1904 3948 2070 4005 meorum
2098 3936 2145 4008 de

687 4068 799 4141 Pertb
817 4090 888 4161 que
904 4062 988 4138 sunt
1005 4064 1110 4159 super
1132 4086 1276 4137 amnem
1303 4066 1349 4137 de
1367 4064 1518 4137 Amond
1534 4072 1573 4135 et
1590 4064 1768 4136 decimum
1786 4066 1981 4140 eorundem
2006 4049 2144 4145 molen·

627 4214 629 4219 '
688 4203 854 4279 dinon'im
872 4203 1014 4277 Pariter
1032 4201 1205 4298 prohibeo
1222 4204 1346 4298 itaque
1362 4213 1405 4276 ut
1421 4201 1545 4274 nuilus
1563 4205 1615 4274 eis
1632 4203 1825 4297 quicquum
1847 4202 1979 4277 iniuste
2004 4209 2144 4282 auferre

688 4342 746 4414 vel
764 4343 926 4415 detinere
944 4334 1125 4435 presumat
1140 4339 1248 4434 super
1265 4338 1483 4413 foriffnttum
1499 4353 1623 4413 meum
1672 4335 1849 4413 Testibus.

689 4591 799 4663 Corte
809 4587 988 4661 Willelmi
1000 4588 1112 4685 Regis
1124 4590 1170 4663 de
1183 4589 1333 4664 decimis
1346 4598 1385 4662 et
1396 4589 1672 4663 rettitudinibus
1682 4588 1831 4665 eoeleste
1844 4594 1890 4665 de
1901 4592 2143 4668 Louchoruer.

619 4872 665 4939 44
691 4842 916 4940 Willelmus
933 4862 1016 4937 Rex
1033 4862 1244 4939 Scottorum
1260 4864 1427 4939 omnibus
1443 4866 1565 4959 probis
1589 4864 1795 4941 hominibus
1819 4868 1880 4963 qui
1905 4880 2055 4944 monent
2080 4884 2145 4945 aut
