4917 6509
301 877 388 929 nnc.
405 877 516 929 nanc.
708 855 746 929 S.
771 853 1070 928 TRINITATIS
1097 854 1167 928 DE
1194 854 1340 929 SCON.

299 1189 411 1263 Carta
426 1189 617 1262 Malcolmi
633 1192 728 1286 regis
745 1191 1010 1266 confirmatoria
1022 1194 1067 1266 de
1079 1193 1301 1266 fundatione.

246 1428 285 1538 5⁴
300 1442 538 1539 Malcolmus
568 1466 651 1539 Rex
684 1465 876 1539 Scotorum
909 1465 1082 1563 episcopis
1112 1469 1305 1540 abbatibus
1333 1469 1525 1542 comitibus
1556 1471 1749 1543 baronibus

291 1601 444 1699 justiciis
461 1605 732 1677 vicecomitibus
748 1601 934 1699 preposrtis
958 1602 1128 1677 ministris
1154 1603 1360 1698 cuneisque
1385 1605 1464 1678 aliis
1486 1608 1610 1700 probis
1635 1607 1748 1680 homi-

296 1745 534 1814 nibus-totius
550 1751 646 1814 terre
665 1739 728 1813 sne
745 1742 883 1814 clericis
909 1750 947 1813 et
964 1741 1064 1815 laicis
1082 1741 1229 1815 Francis
1247 1751 1286 1814 et
1303 1742 1435 1840 Anglis
1454 1744 1573 1817 Sectis
1599 1755 1638 1816 et
1661 1745 1748 1819 Gal-

296 1875 508 1953 walensrbus
537 1889 614 1952 tam
640 1875 788 1973 posteris
818 1902 927 1972 quam
950 1881 1133 1952 modernis
1162 1869 1314 1953 salutem
1365 1881 1547 1966 Quoniam
1577 1885 1622 1955 ad
1648 1886 1746 1979 regie

294 2015 665 2113 potestatishonorem
678 2020 847 2111 precipue
859 2016 1017 2110 spedare
1035 2016 1231 2090 dinoscitur
1244 2015 1408 2092 ecclesus
1420 2019 1573 2093 fundare
1584 2029 1622 2091 et
1632 2021 1746 2094 eccle-

294 2152 449 2228 fiasticas
470 2154 637 2250 personas
658 2155 808 2250 diligere
832 2179 874 2228 ac
900 2156 1023 2228 fouere
1048 2166 1191 2251 oportet
1216 2181 1283 2229 nos
1308 2180 1355 2229 ex
1381 2156 1543 2264 suscepti⁸
1558 2162 1747 2256 regiminis

294 2293 410 2366 officio
427 2289 584 2366 ecclesiis
608 2295 711 2388 regni
726 2289 838 2364 nostri
855 2302 998 2365 attente
1013 2295 1203 2389 prouidere
1224 2304 1263 2368 et
1282 2297 1327 2367 de
1343 2295 1415 2367 illis
1433 2296 1603 2390 precipue
1621 2321 1744 2390 curam

292 2455 417 2527 gerere
433 2455 504 2525 qne
521 2430 642 2524 aliquo
655 2428 737 2502 casn
749 2439 814 2503 aut
825 2427 937 2503 hostis
950 2428 1162 2526 impulsione
1179 2435 1305 2505 maiori
1321 2435 1487 2529 indigent
1501 2431 1743 2507 consolatione

292 2568 385 2641 lnde
401 2566 455 2641 est
471 2570 567 2662 quod
592 2569 639 2640 ad
658 2569 831 2640 honorem
850 2566 922 2641 Dei
939 2577 978 2642 et
994 2571 1039 2642 ad
1056 2571 1349 2644 reformationem
1363 2568 1510 2644 ecclesie
1528 2571 1574 2644 de
1591 2571 1687 2644 Scon
1704 2576 1743 2645 in

291 2707 479 2803 principali
495 2705 579 2779 sede
595 2708 698 2803 regni
722 2704 833 2779 nostri
850 2707 1001 2780 fundato
1018 2730 1126 2801 quam
1142 2710 1311 2782 incendio
1327 2705 1501 2782 vastatam
1526 2705 1594 2782 ell'e
1612 2733 1743 2806 cogno-

291 2847 409 2916 vimus
439 2847 706 2917 communicato
733 2841 977 2940 religiosorum
1007 2853 1046 2917 et
1073 2869 1264 2940 procerum
1291 2843 1492 2919 nostrorum
1522 2846 1669 2922 consilio
1696 2851 1743 2922 ad

291 2980 399 3077 ipsius
428 2979 576 3056 ecclesus
605 2983 817 3054 firmitatem
844 2991 883 3054 et
913 2985 1123 3076 proveetum
1154 2984 1325 3056 abbatem
1351 2987 1390 3055 in
1417 3008 1460 3057 aa
1490 2983 1742 3058 constituimus

290 3121 495 3216 Preuilegia
505 3143 590 3192 vero
603 3115 861 3191 autecessorum
873 3116 1076 3192 nostrornm
1089 3143 1160 3214 que
1172 3121 1332 3214 predicto
1344 3123 1512 3194 incendio
1526 3125 1564 3195 in
1577 3123 1740 3196 fauillam

289 3259 433 3330 murac
451 3256 537 3330 sunt
560 3255 667 3353 figilli
693 3252 802 3329 nostri
823 3259 1024 3328 munimine
1046 3259 1300 3330 innouauimus
1325 3258 1422 3331 bona
1444 3282 1529 3330 vero
1554 3270 1593 3333 et
1616 3257 1742 3355 posses-

289 3393 404 3468 srones
420 3405 459 3468 et
475 3394 663 3470 libertates
684 3397 803 3468 eidem
825 3389 973 3467 ecclelia
989 3396 1036 3467 ab
1053 3391 1330 3468 antecessoribus
1350 3393 1479 3470 nostris
1496 3421 1582 3494 rege
1605 3394 1742 3472 scilicet

288 3533 500 3606 Alexandro
517 3534 616 3604 bone
627 3534 801 3606 memorie
815 3535 896 3604 uiro
913 3542 952 3605 et
968 3529 1098 3605 illustri
1123 3555 1209 3630 rege
1226 3533 1349 3607 Dauid
1366 3559 1436 3608 auo
1459 3533 1580 3610 nostro
1597 3560 1740 3610 necnon

289 3684 328 3744 et
342 3697 367 3744 a
381 3672 486 3744 nobis
503 3671 653 3744 collatas
671 3672 789 3743 eidem
806 3665 955 3743 ecclelia
972 3680 1011 3742 et
1028 3670 1151 3744 abbati
1168 3680 1206 3744 et
1223 3675 1406 3746 canonicis
1423 3675 1559 3746 ibidem
1578 3673 1658 3746 Deo
1671 3674 1742 3748 ser-

288 3811 473 3883 uientibus
493 3818 531 3881 et
547 3773 733 3880 seruitnris
750 3811 1023 3904 inperpetuum
1040 3809 1167 3881 damus
1183 3818 1222 3881 et
1248 3812 1480 3884 concedimus
1499 3820 1537 3884 et
1554 3813 1742 3886 confirma-

287 3971 369 4020 mus
418 3945 599 4041 Inspettis
615 3943 792 4040 liquidem
813 3946 1094 4042 preuilegiorum
1117 3948 1360 4040 predidtorum
1381 3945 1604 4044 transcriptis
1630 3953 1740 4024 dona·

287 4088 407 4158 tiones
423 4086 580 4179 prefatas
596 4093 705 4178 prout
722 4085 840 4156 eidem
858 4078 1006 4156 ecclelia
1023 4107 1045 4155 a
1060 4084 1229 4177 predictis
1245 4085 1390 4180 regibus
1403 4093 1442 4158 et
1455 4110 1476 4158 a
1487 4088 1592 4159 nobis
1609 4087 1740 4160 collate

286 4221 371 4296 sunt
387 4224 425 4293 in
441 4220 598 4315 presenti
619 4221 825 4293 ordinamus
849 4222 982 4316 pagina
1030 4216 1106 4292 Ista
1122 4222 1267 4312 quidem
1285 4221 1424 4314 prefate
1440 4219 1588 4295 ecclesie
1611 4247 1633 4295 a
1655 4247 1739 4321 rege

288 4359 500 4433 Alexandro
517 4359 651 4431 collata
666 4355 749 4430 sunt
766 4357 943 4431 Inuerbos
959 4381 1044 4430 cum
1060 4358 1220 4452 quinque
1243 4362 1420 4432 carucatis
1445 4369 1541 4433 terre
1558 4360 1738 4435 Bencorin

288 4512 373 4573 cum
388 4498 506 4571 tribus
523 4499 698 4570 carucatis
715 4505 811 4570 terre
823 4495 998 4568 Fotberos
1010 4519 1094 4568 cum
1106 4520 1178 4569 vna
1190 4506 1358 4570 carucata
1374 4506 1470 4571 terre
1485 4497 1738 4574 Kinnochtred

287 4659 371 4711 cum
383 4659 456 4708 rna
472 4642 640 4708 eamcata
655 4643 752 4707 terre
770 4630 924 4729 Fingallr
942 4656 1024 4706 cum
1036 4657 1107 4705 rna
1118 4642 1287 4707 carucata
1304 4633 1508 4709 Duirochin
1526 4661 1609 4709 cum
1623 4636 1738 4710 tribus

287 4777 463 4849 carucatis
480 4773 596 4847 Cluen
612 4797 696 4845 cum
711 4773 828 4844 tribus
845 4774 1020 4844 carucatis
1038 4771 1116 4843 Liil'
1126 4796 1210 4844 cunr
1226 4770 1289 4844 sex
1307 4776 1482 4846 carucatis
1496 4775 1636 4847 Grudin
1654 4795 1735 4847 cum

288 4914 414 4986 decern
440 4906 615 4986 carucatis
640 4909 909 5005 Inuergoueren
934 4931 1020 4982 cum
1045 4909 1161 4981 tribus
1191 4913 1367 4984 carucatis
1396 4919 1435 4984 et
1460 4915 1617 5004 quinque
1643 4915 1738 4986 tofta

288 5073 400 5123 vnum
425 5053 521 5147 apud
542 5049 755 5144 Edinburgh
780 5071 892 5119 vnum
918 5049 1014 5143 apud
1040 5046 1216 5120 Striuelin
1242 5072 1353 5120 vnum
1379 5050 1473 5143 apud
1504 5047 1736 5160 Innerkethit

287 5211 401 5261 vnum
421 5189 515 5283 apud
542 5187 656 5260 Perth
678 5209 790 5259 vnum
807 5187 903 5281 apud
924 5184 1099 5259 Aberdon
1124 5196 1162 5259 et
1183 5187 1255 5259 duo
1280 5188 1372 5259 retia
1395 5185 1500 5281 super
1524 5185 1599 5281 Tey
1625 5211 1736 5260 vnum
