4917 6509
658 790 703 861 56
846 768 849 777 Δ
1088 784 1092 789 ’
1168 782 1326 910 ululis
1351 778 1601 857 accusem
1924 802 2001 856 suc.
2020 802 2108 854 x111.

658 986 811 1081 septimo
857 982 1023 1058 Tastibus
1040 979 1338 1067 domiuomalifio
1348 981 1493 1055 comite
1509 980 1557 1055 de
1573 980 1778 1055 Stratberiu
1788 980 1952 1055 Roberto
1969 982 2015 1055 do
2026 982 2114 1054 Ber·
2214 980 2217 985 ’

659 1124 761 1219 eelay
777 1134 816 1197 et
833 1122 911 1197 aliis
929 1124 1065 1195 multis.

661 1400 770 1473 Carta
787 1399 933 1474 Rieardi
951 1400 997 1471 de
1016 1396 1221 1494 beyoestria
1240 1394 1426 1494 burgeulis
1448 1399 1495 1469 de
1511 1396 1623 1471 Parth
1640 1396 1686 1469 de
1702 1397 1815 1471 botba
1829 1400 1867 1471 in
1886 1396 2009 1471 Pertb.

590 1683 637 1747 88
664 1653 856 1751 Omnibus
872 1673 989 1748 sande
1014 1676 1140 1747 matris
1164 1668 1312 1747 eoelelie
1328 1672 1412 1744 liliis
1436 1667 1580 1767 presens
1604 1670 1775 1768 seriptum
1791 1671 1916 1747 visuris
1933 1674 1991 1747 vel
2016 1675 2118 1747 audi·

661 1816 752 1887 turis
766 1814 942 1887 Rieardus
960 1813 1005 1885 de
1016 1806 1222 1906 Leyeestria
1238 1804 1423 1906 burgenlis
1439 1809 1485 1881 de
1499 1807 1609 1882 Parth
1627 1821 1791 1884 eternam
1808 1814 1846 1884 in
1863 1812 2007 1885 domiuo
2023 1809 2117 1885 salu·

660 1964 737 2025 tem
789 1948 946 2023 Noverit
962 1934 1174 2022 universitas
1187 1944 1305 2021 vestra
1320 1970 1381 2019 me
1394 1970 1458 2041 pro
1470 1945 1585 2022 saluts
1601 1951 1722 2022 animo
1734 1973 1816 2023 mee
1830 1947 1962 2023 dediffe
1977 1961 2016 2023 et
2033 1973 2118 2023 oon·

663 2086 794 2163 eeffilse
822 2098 861 2163 et
886 2091 954 2162 hae
984 2084 1139 2184 presenti
1166 2098 1267 2161 carta
1291 2110 1374 2159 mea
1402 2084 1621 2161 ooniirmaffa
1639 2088 1720 2160 Deo
1745 2099 1784 2161 et
1808 2090 1916 2161 beato
1933 2090 2054 2163 Merie
2079 2098 2117 2160 et

663 2224 811 2303 eoeleste
836 2228 934 2299 beati
950 2224 1142 2309 michaelis
1165 2226 1211 2297 de
1229 2224 1349 2297 Soona
1364 2232 1403 2297 et
1422 2226 1604 2297 eanoniois
1629 2226 1765 2299 ibidem
1782 2226 1864 2299 Deo
1881 2225 2118 2300 servientibus

663 2377 700 2439 et
713 2366 896 2439 servituris
913 2386 1022 2438 unam
1040 2364 1188 2437 botbam
1205 2364 1244 2436 in
1261 2363 1348 2435 villa
1359 2363 1406 2435 de
1423 2362 1536 2435 Parth
1548 2362 1648 2437 illam
1659 2362 1796 2438 scilieet
1812 2388 1920 2459 quam
1937 2368 2118 2463 quondam

472 2513 521 2535 ··”
663 2507 733 2579 emi
752 2506 797 2577 de
814 2501 953 2599 Kymfii
973 2502 1019 2574 de
1036 2502 1155 2575 Seoua
1171 2525 1243 2597 que
1258 2498 1396 2573 scilieet
1414 2497 1481 2574 fita
1496 2497 1550 2573 est
1566 2502 1604 2574 in
1621 2502 1754 2599 angulo
1771 2506 2004 2599 contingente
2020 2526 2118 2599 mag·

662 2666 747 2715 nam
772 2644 868 2713 viam
894 2641 1140 2733 aquilonarem
1167 2640 1212 2712 de
1239 2637 1353 2713 Parth
1379 2647 1418 2711 et
1444 2639 1540 2711 uam
1565 2661 1637 2731 que
1666 2640 1712 2712 de
1738 2664 1784 2712 aa
1808 2642 1974 2735 procedit
1997 2638 2118 2713 versus

663 2774 849 2853 ecelesiam
867 2776 989 2851 sanes
1007 2777 1184 2850 Johannis
1208 2772 1363 2871 baptiste
1386 2777 1426 2847 in
1450 2775 1666 2849 oocidentali
1690 2787 1794 2871 parte
1844 2778 2054 2852 Tenendum
2079 2793 2118 2851 et

662 2915 865 2990 habendam
879 2911 944 2987 fibi
960 2917 999 2989 iu
1009 2922 1225 3011 perpetuum
1239 2914 1353 2987 libere
1364 2922 1405 2987 et
1416 2914 1539 3006 quiete
1549 2914 1767 2987 inveniendo
1780 2916 1865 2988 inde
1878 2918 1926 2989 ad
1941 2916 2119 2991 luminare

664 3056 788 3129 altaris
813 3053 921 3126 beate
939 3052 1058 3127 Marie
1076 3054 1114 3125 iu
1132 3050 1282 3126 ecclelia
1297 3051 1420 3125 Sanni
1436 3050 1462 3122 J
1463 3052 1615 3125 ohannis
1639 3052 1685 3125 de
1703 3053 1816 3126 Perth
1831 3077 1946 3127 unum
1964 3053 2119 3128 Cereum

663 3200 881 3288 perpetuum
910 3192 962 3264 ita
987 3192 1266 3265 convenientem
1291 3200 1330 3265 st
1358 3188 1606 3262 honorabilem
1631 3187 1722 3263 lieut
1747 3191 1845 3263 idem
1867 3192 2043 3265 Rieardus
2062 3192 2119 3265 vel

665 3330 793 3422 aliquis
810 3325 996 3425 burgensis
1014 3331 1126 3401 totius
1144 3328 1232 3405 ville
1248 3329 1295 3401 ds
1312 3327 1425 3401 Perth
1441 3326 1600 3421 aliquem
1616 3326 1772 3400 Cereum
1790 3330 1836 3405 ad
1853 3329 1988 3403 dibtum
2013 3330 2121 3403 lumi·

664 3490 750 3538 nare
767 3466 956 3538 decentius
973 3474 1012 3537 ot
1027 3465 1272 3539 honorabilius
1289 3466 1429 3537 invonit
1441 3462 1500 3536 vel
1516 3464 1680 3537 invenire
1692 3462 1877 3538 cousuevit
1893 3468 1988 3560 quod
2002 3466 2121 3563 super-

665 3604 775 3675 fuerit
793 3601 838 3675 de
855 3602 958 3675 linus
975 3602 1069 3675 diua
1095 3602 1207 3675 bothe
1223 3598 1298 3675 five
1321 3601 1438 3696 majus
1455 3598 1528 3673 live
1552 3603 1674 3673 miuus
1698 3603 1927 3696 expendatur
1950 3606 1988 3675 in
2014 3605 2122 3677 lumi-

665 3742 742 3813 nari
759 3738 883 3813 altaris
907 3740 1014 3812 beate
1035 3739 1156 3811 Merie
1179 3740 1218 3811 in
1242 3737 1392 3813 eoelefia
1418 3738 1464 3810 do
1489 3736 1609 3813 Soona
1664 3738 1749 3813 Hiis
1773 3736 1925 3813 testibus
1946 3738 2121 3839 magistro

666 3878 828 3951 Roberto
846 3878 891 3949 de
909 3872 1093 3971 Layoestir
1109 3874 1373 3973 consanguineo
1389 3899 1473 3949 meo
1489 3876 1635 3949 domino
1653 3876 1765 3951 Helia
1781 3878 1917 3952 decano
1933 3890 1972 3953 et
1989 3882 2121 3955 doario

666 4026 754 4089 tuno
783 4015 957 4108 temporis
987 4014 1032 4085 de
1062 4012 1174 4085 Perth
1203 4014 1365 4089 Henrioo
1393 4014 1469 4087 filio
1496 4014 1652 4089 Gulfridi
1678 4016 1861 4098 michaele
1889 4018 1964 4091 filio
1991 4018 2121 4093 Serlon

666 4152 858 4225 Willelmo
876 4152 921 4225 de
935 4149 1070 4223 Duude
1086 4150 1111 4223 J
1112 4150 1255 4225 ohanne
1271 4153 1345 4225 lilio
1363 4153 1464 4226 Leno
1480 4150 1505 4227 J
1507 4153 1649 4227 ohanne
1665 4152 1794 4249 Cokyn
1813 4153 1933 4228 Alano
1950 4155 2120 4231 Radberd

667 4290 826 4383 Syrnone
837 4292 883 4362 de
895 4288 993 4362 Krel
998 4288 1192 4383 Radulpho
1203 4290 1333 4364 clerieo
1342 4300 1431 4363 tune
1442 4291 1655 4364 vieeoomite
1666 4292 1711 4365 de
1722 4289 1834 4365 Perth
1845 4302 1884 4366 et
1893 4294 2019 4368 multis
2031 4297 2119 4371 aliis.
2161 4370 2164 4376 .

667 4564 777 4637 Carta
794 4563 940 4636 Rieardi
955 4564 1000 4635 de
1018 4560 1201 4659 Layoestir
1217 4565 1263 4636 de
1281 4570 1430 4640 terrain
1447 4566 1570 4641 Perth.

596 4856 641 4925 89
669 4818 861 4915 Omnibus
878 4838 946 4913 hoo
961 4836 1134 4933 seriptum
1160 4837 1286 4913 usuris
1302 4842 1361 4915 vel
1378 4843 1555 4915 audituris
1572 4842 1747 4916 Rieardus
1769 4843 1815 4915 de
1839 4840 2023 4938 hayeestir
2040 4846 2123 4917 bur·

665 4976 782 5076 gensis
808 4979 854 5052 de
872 4964 985 5051 Pe‘rth
1035 4977 1200 5051 Salutem
1243 4978 1375 5053 Sciatis
1400 5001 1460 5053 me
1485 4974 1616 5052 dediffe
1641 4974 1843 5053 coueeffiffo
1867 4991 1907 5053 et
1930 4981 1998 5053 bao
2023 4992 2123 5057 carto

665 5141 748 5191 mea
765 5113 985 5190 oonfirmaffo
1002 5113 1151 5191 eoolefie
1167 5114 1288 5192 sonae
1304 5118 1478 5191 trinitatis
1494 5126 1535 5191 et
1550 5115 1660 5191 sandi
1676 5118 1868 5199 michaelis
1886 5120 1932 5192 de
1948 5118 2068 5193 Seoua
2084 5131 2137 5205 etn
