4917 6509
690 849 735 913 18
1201 839 1358 912 LIBER
1383 840 1630 913 ECCLESIE
1976 864 2051 915 suc.
2071 864 2141 915 xm

690 1043 819 1113 uituris
838 1041 1126 1135 Ahednepobbel
1148 1064 1211 1134 per
1232 1040 1374 1113 easdem
1396 1039 1524 1112 divisas
1550 1064 1633 1112 cum
1659 1042 1789 1134 quibus
1815 1040 1998 1113 Rohertus
2024 1043 2142 1137 capel-

690 1179 792 1250 lanus
813 1179 912 1251 illam
937 1182 1057 1250 tenuit
1083 1190 1120 1249 et
1146 1178 1281 1249 toftum
1302 1202 1415 1250 unum
1441 1181 1478 1249 in
1500 1178 1721 1250 Tubermore
1748 1180 1852 1250 illum
1877 1179 2014 1251 scilicet
2034 1204 2142 1274 quem

689 1318 867 1387 aurifaber
893 1318 1013 1387 tenuit
1040 1316 1190 1387 Pratum
1216 1339 1358 1408 quoque
1376 1315 1472 1409 quod
1489 1314 1543 1387 est
1560 1315 1665 1412 super
1686 1316 1890 1388 Lochethin
1924 1342 1970 1388 ex
1995 1316 2139 1391 australi

687 1420 791 1548 parte
809 1480 830 1525 a
847 1456 925 1525 loco
944 1478 1014 1545 quo
1032 1458 1069 1525 in
1088 1456 1226 1525 criente
1249 1456 1462 1549 contiguum
1480 1451 1533 1525 est
1549 1464 1646 1526 terre
1663 1452 1894 1526 Rusticorum
1913 1458 2142 1547 quandocun-

688 1618 757 1685 que
781 1594 991 1663 extenditur
1016 1616 1080 1686 per
1105 1591 1219 1663 latum
1238 1602 1276 1672 et
1294 1592 1443 1686 longum
1460 1590 1580 1663 versus
1597 1594 1824 1663 occidentem
1850 1618 1931 1664 cum
1959 1597 2142 1665 communi

686 1726 829 1823 pastura
846 1744 885 1801 et
902 1725 1122 1822 aysramento
1139 1731 1296 1801 nemoris
1312 1731 1384 1800 mei
1410 1730 1455 1800 ad
1474 1752 1699 1823 quecumque
1724 1727 1862 1802 necelle
1887 1731 2079 1803 habuerint
2104 1734 2142 1802 in

687 1869 837 1939 liberam
855 1879 892 1939 et
909 1878 1121 1961 perpetuam
1139 1863 1370 1938 elemofinam
1389 1889 1452 1960 pro
1464 1870 1585 1938 anima
1597 1868 1751 1940 Comitis
1765 1868 1915 1940 Henrici
1927 1882 1965 1940 et
1978 1873 2140 1941 omnium

686 2003 945 2078 antecessorum
963 2028 1105 2077 necnon
1122 2015 1160 2076 et
1177 2001 1413 2076 succellorum
1430 2027 1593 2076 meomm
1610 2017 1648 2077 et
1665 2029 1730 2099 pro
1750 2007 1872 2077 anima
1888 2029 1971 2077 mea
2020 2007 2141 2091 Quare
2261 2029 2265 2040 ⁴

687 2144 769 2213 volo
787 2154 827 2214 vt
844 2147 973 2237 prefati
992 2146 1154 2217 canonici
1172 2146 1458 2237 prenominatam
1483 2153 1616 2215 terram
1642 2167 1726 2216 cum
1751 2145 1918 2215 omnibus
1934 2144 2142 2238 supradictis

687 2291 838 2353 teneant
857 2292 895 2353 ct
911 2278 1110 2376 pollldeant
1120 2282 1203 2376 jure
1220 2291 1395 2375 perpetuo
1418 2282 1462 2351 de
1487 2305 1546 2352 me
1572 2291 1610 2351 et
1635 2280 1828 2353 heredibus
1853 2285 1943 2352 meis
1968 2284 2077 2353 michi
2103 2288 2140 2354 in

685 2430 902 2513 perpetuum
924 2418 1129 2492 suc-cellurio
1154 2422 1207 2491 ita
1232 2420 1345 2492 libere
1370 2430 1409 2491 et
1435 2422 1558 2511 quiete
1584 2420 1745 2512 plenarie
1770 2430 1809 2491 et
1834 2420 2029 2493 honorifice
2050 2419 2141 2493 fient

686 2557 805 2650 aliqua
823 2559 950 2629 domus
967 2558 1148 2652 religionis
1166 2560 1204 2627 in
1222 2568 1302 2628 toto
1320 2579 1431 2651 regno
1456 2558 1501 2629 ab
1527 2556 1646 2648 aliquo
1670 2559 1801 2628 barone
1818 2558 1966 2629 liberius
1982 2568 2086 2630 tenet
2103 2572 2142 2630 et

686 2697 842 2787 quietius
870 2696 1051 2788 plenarius
1083 2705 1120 2765 et
1150 2694 1445 2766 honorificentius
1497 2694 1579 2765 Hiis
1605 2692 1759 2765 testibus
1783 2694 1951 2767 Johanne
1977 2696 2140 2792 episcopo

686 2833 926 2904 Dunkelrlens
955 2832 1116 2946 querto
1138 2832 1182 2903 dc
1204 2832 1358 2925 Berclay
1383 2831 1543 2927 Hugonc
1563 2833 1609 2903 de
1638 2831 1800 2903 Kaleder
1821 2834 1997 2916 machoth
2017 2835 2141 2928 judice

686 2972 731 3089 de
757 2970 906 3064 Gcnryn
938 2970 1100 3044 Galfrido
1126 2970 1312 3064 capellano
1343 2971 1388 3041 de
1419 2969 1531 3041 Perth
1560 2968 1751 3040 Willelmo
1777 2970 1907 3042 clerico
1937 2973 1983 3042 de
2017 2970 2142 3042 Forfar

686 3107 846 3181 Henrico
866 3109 1051 3203 capellano
1067 3109 1211 3203 Philipo
1229 3109 1355 3179 vnieth
1372 3108 1510 3180 Jacobo
1529 3108 1573 3177 de
1592 3106 1704 3178 Perth
1728 3104 1880 3180 Andrea
1895 3118 1934 3179 et
1952 3107 2141 3179 Willelmo

684 3248 853 3318 fratribus
885 3244 1043 3339 ejusdem
1075 3247 1239 3319 Galfrido
1264 3246 1339 3317 filio
1368 3247 1514 3317 martini
1546 3244 1667 3316 Dauid
1698 3255 1736 3316 et
1767 3242 1928 3317 Henrico
1953 3245 2037 3318 filiis
2064 3248 2141 3317 eius

687 3384 852 3454 Waltero
872 3385 916 3454 de
935 3384 1067 3455 Sancto
1086 3384 1278 3455 Edmundo
1297 3394 1335 3453 et
1352 3383 1478 3454 multis
1496 3382 1584 3454 aliis

660 3662 666 3677 '
688 3658 923 3729 Confirmatio
942 3656 1122 3728 Willelmi
1140 3656 1252 3751 Regis
1270 3659 1315 3727 de
1333 3668 1428 3728 terra
1447 3658 1492 3728 de
1510 3658 1786 3753 Ahenepobbel.

616 3948 660 4011 99
688 3909 911 4005 Willelmus
936 3934 994 4005 dei
1019 3934 1134 4027 gratia
1151 3933 1234 4003 Rex
1252 3932 1443 4003 Scotorum
1461 3934 1627 4004 omnibus
1652 3929 1772 4027 probis
1798 3932 2003 4004 hominibus
2029 3935 2141 4004 totius

686 4086 780 4144 terre
797 4070 859 4143 sue
884 4072 1022 4143 clericis
1040 4080 1079 4143 et
1096 4070 1196 4143 laicis
1214 4043 1367 4141 sulutem
1418 4070 1544 4142 Sciant
1570 4069 1753 4163 presentes
1774 4080 1813 4141 et
1834 4071 1947 4141 futuri
1972 4094 2032 4141 me
2057 4096 2141 4147 con·

686 4207 816 4282 colliffe
834 4218 872 4287 et
889 4210 956 4281 hac
974 4218 1073 4283 carta
1088 4232 1170 4281 mea
1186 4206 1405 4281 confirmasse
1424 4207 1504 4278 Deo
1523 4217 1561 4278 et
1577 4204 1726 4279 ecclefie
1743 4208 1865 4279 Sanni
1884 4207 2077 4279 Michaelis
2095 4210 2140 4279 de

687 4347 783 4419 Scon
813 4358 851 4419 et
881 4350 1061 4419 canonicis
1092 4348 1226 4421 ibidem
1253 4347 1333 4417 Deo
1363 4344 1602 4417 seruientibus
1637 4345 1870 4418 donationem
1899 4346 2000 4419 illam
2030 4370 2138 4440 quam

687 4486 830 4557 Suanus
844 4485 938 4557 filius
951 4484 1059 4557 Thori
1077 4487 1128 4556 cis
1147 4486 1234 4556 fecit
1252 4486 1296 4555 de
1314 4494 1408 4555 terra
1427 4461 1472 4554 (le
1485 4483 1751 4577 Ahenepobbel
1767 4508 1832 4578 per
1849 4482 1991 4555 easdem
2009 4484 2138 4556 diuisas

686 4647 750 4716 per
766 4646 854 4714 quas
865 4622 1047 4693 Robertus
1062 4623 1269 4716 capellanus
1286 4621 1385 4693 illam
1404 4624 1523 4692 tenuit
1536 4634 1575 4694 et
1586 4645 1696 4692 vnum
1710 4622 1844 4693 toltum
1865 4624 1903 4692 in
1916 4622 2139 4694 Tubermure

687 4772 725 4833 et
755 4771 897 4855 pratum
929 4760 1023 4852 quod
1054 4755 1106 4831 est
1135 4758 1241 4869 super
1269 4760 1454 4831 lochethin
1484 4782 1568 4830 cum
1598 4761 1780 4830 communi
1815 4756 1958 4852 pastura
1989 4769 2028 4830 et
2060 4760 2138 4831 aliis

688 4897 891 4971 afiamentis
911 4895 1003 4969 ficut
1019 4899 1057 4968 in
1075 4906 1174 4969 carta
1192 4896 1349 4969 eiusdem
1368 4895 1480 4968 Suani
1498 4898 1706 4968 continetur
1755 4892 1907 4969 Tenend
1928 4898 1966 4967 in
1988 4896 2138 4969 liberam

692 5046 730 5107 et
747 5047 961 5130 perpetuam
988 5031 1209 5107 elimosmam
1236 5037 1289 5107 ita
1312 5033 1425 5107 libere
1450 5035 1573 5126 quiete
1597 5034 1757 5128 plenarie
1774 5045 1813 5106 et
1829 5034 2024 5107 honorilice
2047 5031 2138 5108 ficut
