4917 6509
686 826 732 892 se
1193 816 1351 887 bruun
1377 762 1637 888 nocuusm.
1968 838 2146 890 scena.

684 1016 754 1089 suis
780 1043 801 1089 a
826 1012 1127 1110 predecessoribus
1154 1012 1283 1087 uostris
1308 1012 1443 1086 eisdem
1469 1016 1658 1087 caritative
1682 1014 1912 1087 confirmatos
1937 1018 1990 1087 eie
2014 1018 2147 1111 imper·

684 1168 835 1250 petuum
854 1156 981 1227 damus
999 1165 1037 1225 et
1056 1154 1309 1225 confirmamus
1327 1153 1531 1225 Licentiom
1548 1177 1692 1246 quoque
1710 1154 1761 1225 eis
1779 1154 2010 1226 concedimus
2027 1155 2146 1249 copel·

684 1294 785 1365 lenos
809 1290 1039 1385 quoscunque
1065 1314 1147 1363 cum
1174 1292 1354 1362 volueriut
1380 1294 1539 1385 ydoneos
1563 1294 1601 1363 in
1628 1288 1712 1387 ipsis
1739 1290 1898 1364 ecclesiis
1924 1296 2082 1365 retinere
2107 1304 2146 1365 et

685 1446 869 1503 removere
887 1430 1005 1501 Salvis
1022 1430 1126 1501 uobis
1144 1440 1182 1500 et
1198 1424 1453 1501 firccesson‘bus
1470 1427 1599 1501 uostris
1617 1428 1887 1524 Episcopulibus
1912 1432 1957 1503 de
1980 1432 2147 1502 omnibus

684 1565 841 1641 ecclesiis
858 1568 1007 1661 prefatis
1025 1576 1180 1660 exceptu
1197 1568 1371 1639 canonico
1386 1564 1450 1638 suu
1475 1568 1520 1639 de
1546 1567 1667 1639 Scouo
1692 1590 1775 1639 cum
1793 1567 1941 1661 capellis
1957 1565 2030 1638 suis
2046 1568 2147 1653 Quas

684 1706 729 1778 ob
755 1707 854 1775 omni
882 1706 1069 1777 exadioue
1096 1714 1133 1776 et
1159 1700 1420 1776 consuetudine
1442 1700 1632 1798 episcopali
1659 1705 1826 1776 volumus
1851 1715 1890 1776 et
1915 1706 2147 1776 concedimus

685 1840 754 1915 esse
765 1852 953 1935 exemptas
964 1842 1072 1913 Salvo
1085 1838 1208 1913 semen
1220 1844 1259 1912 iu
1270 1842 1437 1913 omnibus
1440 1844 1525 1936 jure
1537 1843 1777 1914 archidiaconi
1788 1840 2033 1913 saneimdree
2063 1842 2148 1913 Hiis

684 1977 836 2053 testibus
848 1980 993 2051 domino
1006 1979 1053 2050 A.
1065 1977 1229 2074 episcopo
1243 1975 1461 2052 Morovieusi
1473 1978 1642 2076 magistro
1655 1980 1855 2051 Lourencio
1867 1978 2147 2074 Archiepiscopo

685 2114 929 2190 sundiandree
947 2117 1056 2188 Petro
1071 2126 1109 2189 et
1123 2116 1272 2189 Simone
1289 2116 1485 2210 capellanis
1497 2114 1626 2189 nostris
1638 2116 1828 2188 Willelmo
1842 2118 1887 2187 de
1903 2116 2015 2212 golyn
2031 2114 2147 2189 senes-

685 2254 775 2327 callo
799 2251 918 2325 uostro
943 2254 1092 2327 Simone
1115 2255 1160 2326 de
1186 2252 1320 2326 rofiaco
1345 2251 1514 2349 magistro
1540 2255 1586 2327 G.
1611 2256 1657 2327 dc
1680 2251 1865 2327 leslewnde
1889 2254 2076 2349 Stephano
2102 2256 2147 2326 do

683 2394 804 2464 bedun
824 2391 1014 2463 Willelmo
1033 2394 1078 2464 de
1098 2393 1244 2464 Poterin
1259 2392 1428 2464 Jobunne
1445 2403 1588 2465 orcuret
1605 2392 1745 2465 clericis
1768 2390 1897 2464 uostris
1918 2394 2075 2466 Ricardo
2099 2394 2148 2465 de

685 2528 771 2600 lidel
791 2540 828 2599 et
846 2528 972 2599 multis
990 2528 1069 2599 aliie
1088 2528 1167 2601 Nos
1184 2531 1295 2623 igitur
1311 2530 1435 2600 hubito
1452 2526 1557 2621 super
1581 2528 1651 2600 biis
1668 2530 1706 2599 iu
1723 2528 1832 2622 pleno
1849 2529 2009 2622 capitulo
2026 2525 2149 2600 nostro

684 2668 866 2737 communi
894 2678 932 2737 et
959 2667 1124 2762 diligenti
1151 2670 1309 2738 tradam
1332 2667 1622 2738 confirmationes
1645 2678 1683 2738 et
1707 2662 1949 2738 conceffiones
1970 2668 2149 2760 prenomi-

683 2815 787 2875 natos
813 2826 877 2896 per
902 2804 1059 2892 eundem
1078 2806 1321 2877 venerabilem
1339 2814 1479 2898 patrem
1504 2804 1673 2896 predibiis
1693 2804 1875 2873 canonicis
1892 2804 2005 2875 fanos
2021 2826 2149 2898 appro-

683 2943 812 3013 bantes
825 2950 863 3012 et
881 2950 977 3012 rates
995 2942 1171 3013 habentes
1189 2938 1281 3035 ipsus
1299 2938 1495 3013 secundum
1513 2940 1665 3010 formum
1682 2935 1916 3011 concessionis
1933 2936 2041 3033 ipsius
2059 2938 2149 3033 epis·

684 3081 765 3173 copi
783 3076 894 3150 nostri
913 3077 1047 3151 eisdem
1073 3082 1254 3152 cononicis
1276 3080 1438 3153 unanimi
1456 3079 1570 3149 totius
1587 3077 1735 3171 capituli
1753 3074 1863 3147 nostri
1882 3078 2149 3148 interveniente

684 3212 821 3286 assensu
852 3218 1118 3310 imperpetuum
1151 3217 1403 3289 confirmamus
1434 3215 1479 3286 Iu
1510 3215 1613 3308 cujus
1642 3218 1694 3285 rei
1730 3211 1976 3285 testimonium
2006 3212 2149 3307 presens

687 3347 859 3445 scriptum
877 3355 1059 3424 communi
1085 3352 1212 3448 Sig'illo
1239 3354 1387 3446 capituli
1412 3350 1522 3424 nostri
1548 3366 1586 3423 et
1611 3354 1799 3423 autentico
1824 3352 1976 3424 fecimus
1993 3352 2147 3423 roborari

686 3485 792 3560 Teste
822 3489 981 3583 capitulo
1012 3486 1131 3561 nostro
1162 3490 1300 3562 Datum
1332 3494 1367 3561 vi
1394 3490 1482 3563 Idus
1509 3492 1693 3561 Februarii
1721 3513 1817 3561 enno
1841 3493 1958 3585 gratie
1986 3492 2044 3570 ssl⁰
2074 3495 2150 3560 cc¹¹²⁰

687 3622 901 3721 octogesimo
920 3628 1029 3699 tertio
1047 3629 1141 3720 apud
1160 3627 1517 3723 Soudumandreum.

687 3900 797 3973 Certe
813 3901 837 3972 J
840 3904 991 3973 ohannis
1009 3904 1054 3972 de
1073 3900 1298 3997 Iuobesyritb
1315 3904 1360 3975 de
1378 3905 1472 3974 tofto
1490 3906 1527 3975 in
1546 3888 1638 3975 νίΙΙιιι
1649 3905 1694 3974 de
1713 3901 1947 3998 lucbesyritb.

591 4181 661 4245 118
688 4146 844 4250 Vnislfis
873 4175 934 4248 sce
964 4176 1067 4249 ‹oet's
1093 4178 1178 4249 ecce
1209 4177 1293 4271 filije
1322 4180 1386 4250 bae
1416 4148 1524 4250 litias
1549 4178 1676 4250 uisuris
1703 4180 1760 4251 vel
1785 4177 1967 4252 audituris
1984 4178 2077 4251 John
2103 4182 2148 4251 de

686 4313 915 4411 rnouesyruu
933 4316 1028 4386 filius
1046 4314 1214 4388 Duneani
1232 4317 1296 4410 cuj
1315 4317 1443 4389 nacon
1467 4319 1513 4388 ue
1540 4316 1712 4389 perenn
1730 4359 1738 4375 ·
1759 4288 2148 4388 uolumenum

685 4474 740 4523 coe
771 4448 903 4522 dedisse
932 4448 1090 4549 pceslisse
1115 4454 1224 4525 uhac
1250 4435 1370 4549 ilsenti
1395 4464 1495 4525 curto
1519 4477 1602 4525 meo
1626 4450 1803 4551 psirmusi'e
1829 4455 1897 4524 deo
1922 4466 1948 4523 “t
1973 4455 2059 4525 ecce
2085 4450 2148 4523 sce

684 4588 854 4661 micatis
871 4590 916 4659 de
934 4587 1066 4661 sobona
1081 4602 1106 4660 *t
1124 4590 1222 4661 Abbi
1239 4604 1265 4660 ”t
1282 4588 1445 4663 conficis
1455 4591 1589 4662 ibidem
1615 4591 1663 4660 do
1688 4588 1903 4682 seruientib3
1919 4602 1944 4660 *t
1961 4586 2127 4661 seruit²is
2137 4628 2144 4644 ·

684 4750 711 4818 p
728 4732 786 4799 eia
803 4740 921 4799 mean
937 4726 1078 4819 paiab3
1094 4726 1261 4814 uincesl'ou
1278 4740 1304 4797 *t
1320 4724 1501 4813 successor
1518 4750 1627 4813 meon
1645 4764 1653 4781 ·
1672 4724 1718 4796 In
1735 4725 1847 4799 libem
1865 4734 1955 4821 puni
1971 4738 1996 4796 *t
2012 4730 2147 4821 ppetuu

683 4861 877 4935 elemosine
894 4872 967 4935 unu
986 4864 1134 4936 Toftum
1153 4864 1312 4961 Integ'm
1329 4877 1354 4935 *t
1371 4864 1573 4959 plenarium
1590 4864 1628 4933 in
1647 4862 1733 4934 villu
1749 4863 1795 4934 de
1814 4860 2019 4961 Inchsyritb
2037 4862 2074 4933 id
2093 4860 2145 4934 est

684 5004 720 5072 iu
740 5003 880 5074 oriente
897 5004 1037 5074 ei9dem
1055 5002 1141 5074 ville
1164 5026 1239 5096 ppo
1264 5005 1379 5095 ripum
1405 5001 1527 5073 {lirinis
1553 5002 1598 5072 de
1620 5000 1721 5095 They
1740 5042 1748 5058 ·
1764 5014 1791 5071 't
1808 5008 1878 5072 vni
1903 5024 2023 5073 acrum
2050 5010 2145 5071 terre
