4917 6509
680 878 747 950 178
1182 866 1336 937 LIBER
1363 864 1608 939 ECCLESIE
1975 884 2130 935 sacrm.

677 1206 901 1279 commuuio
921 1199 977 1275 lie
994 1204 1100 1275 dec⁰ti
1118 1202 1205 1297 giial
1220 1138 1312 1302 plilij
1331 1204 1431 1300 Regi
1446 1204 1575 1277 Jacobi
1590 1200 1666 1276 lbdi
1685 1204 1731 1274 de
1747 1198 1842 1273 ledis
1859 1204 1958 1275 dedis
1972 1202 2018 1272 de
2036 1200 2130 1273 Rate

680 1369 774 1415 anno
793 1343 854 1415 diii
871 1356 931 1415 *tc*
949 1336 1235 1435 quiquagelimo·

566 1626 645 1689 213.
680 1596 713 1693 J
717 1621 848 1692 acobus
867 1618 936 1689 Dei
954 1620 1074 1713 gracia
1090 1618 1172 1689 Rex
1198 1616 1390 1689 Scotorum
1415 1616 1595 1689 Omnibus
1619 1619 1739 1711 probis
1764 1618 1969 1689 hominibus
1995 1615 2067 1690 suis
2083 1621 2130 1691 ad

682 1780 769 1851 quos
786 1755 894 1851 butes
922 1756 976 1827 lie
1003 1759 1236 1849 peruenerint
1261 1754 1414 1829 salutem
1440 1754 1574 1829 Sciatis
1599 1779 1665 1827 nos
1689 1753 1788 1849 quod
1813 1756 1949 1828 Album
1973 1753 2049 1829 fine
2069 1759 2131 1829 de-

682 1906 820 1968 cretum
847 1918 910 1989 per
935 1895 1116 1966 auditores
1138 1895 1362 1987 querelarum
1387 1897 1424 1964 in
1450 1890 1568 1965 nostro
1586 1894 1737 1966 concilio
1761 1893 1921 1988 generali
1946 1894 2013 1965 vlt*
2034 1877 2129 1989 ariud

683 2034 793 2105 Pertlr
811 2042 913 2105 tento
932 2056 995 2128 per
1011 2043 1085 2103 tres
1101 2034 1202 2127 regni
1219 2034 1276 2104 nii
1296 2029 1410 2104 status
1427 2033 1471 2104 ad
1488 2030 1646 2104 audiend
1671 2029 1848 2104 decideud
1873 2041 1911 2104 et
1937 2004 2131 2106 deiminad

681 2169 802 2243 causas
836 2172 967 2241 eletios
993 2172 1118 2241 datum
1152 2181 1190 2241 et
1215 2170 1480 2265 promulgatum
1506 2171 1594 2263 utiq,
1622 2167 1809 2263 inspexille
1834 2169 1899 2241 sub
1924 2171 1991 2244 hac
2017 2171 2131 2243 forma

682 2310 753 2381 Die
782 2308 933 2402 septimo
960 2305 1091 2379 mensis
1117 2310 1199 2402 maij
1226 2312 1310 2379 anni
1337 2306 1411 2415 Drii
1436 2303 1616 2378 millesimi
1642 2303 1957 2403 quadrigentesrmi
1981 2313 2132 2401 quiqua-

681 2421 804 2541 gesuni
822 2448 867 2518 In
885 2448 1035 2519 concilio
1052 2447 1209 2543 generali
1228 2442 1513 2519 excellentissimi
1530 2446 1679 2539 pincipis
1699 2470 1742 2517 ac
1759 2443 1821 2517 diii
1839 2447 1894 2517 nii
1916 2444 1977 2517 diii
2002 2445 2130 2519 Jacobi

681 2584 825 2658 secundi
843 2586 954 2681 Regis
972 2584 1126 2657 Scotorr'r
1151 2582 1371 2656 illustriffimi
1397 2593 1501 2663 tento
1526 2584 1620 2675 apud
1647 2582 1758 2654 Perth
1785 2586 1823 2655 in
1849 2584 1963 2656 ecclia
1978 2586 2128 2656 fratrum

681 2726 906 2817 predicatorr'r
935 2719 1093 2795 ciusdem
1123 2747 1242 2795 coram
1269 2722 1349 2794 driis
1373 2722 1595 2793 auditoribus
1620 2722 1665 2792 ad
1698 2720 1858 2794 audiend
1883 2722 2059 2795 decidenti
2092 2733 2130 2795 et

682 2860 909 2933 determinati
934 2861 1097 2955 querelas
1123 2862 1246 2933 electis
1270 2860 1418 2952 videlic3
1443 2859 1658 2931 Reuerendo
1683 2862 1721 2931 in
1746 2859 1818 2957 xiie
1835 2874 1938 2956 patre
1962 2862 2130 2935 Johanne

683 3000 762 3093 Epir
788 3000 991 3073 Brechineri
1016 2996 1296 3072 Venerabilibus
1321 3000 1482 3093 patribus
1507 3000 1624 3091 priore
1649 2998 1903 3072 Sandiandree
1928 3011 1967 3073 et
1984 2999 2130 3073 Abbate

682 3140 727 3210 de
743 3136 878 3233 passeto
896 3138 1168 3211 Archidiaconis
1185 3137 1375 3209 eccliarum
1394 3135 1648 3209 Sanctiandree
1665 3146 1704 3207 et
1717 3136 1937 3210 Aberdoneir
1954 3163 2018 3233 pro
2035 3140 2130 3211 clero

684 3276 871 3349 Willelmo
890 3274 974 3348 Diio
992 3248 1150 3349 Scillvile
1169 3276 1368 3348 Laurencio
1395 3272 1478 3345 Drio
1505 3274 1720 3368 Abernethy
1737 3274 1821 3346 uuo
1837 3276 1862 3346 J
1864 3278 2005 3349 ohanne
2023 3276 2130 3349 Max-

684 3414 750 3485 wel
769 3416 814 3485 de
831 3412 1043 3485 Oaldorwod
1061 3416 1177 3485 milite
1194 3413 1332 3483 Thomu
1348 3414 1393 3483 de
1410 3411 1625 3506 Aberorr'rby
1641 3414 1686 3484 de
1703 3414 1829 3484 eodem
1851 3438 1915 3507 pro
1937 3416 2130 3487 baronibus

682 3553 818 3624 Jacobo
856 3552 900 3621 de
939 3550 1071 3622 Parkle
1111 3552 1155 3621 de
1195 3552 1321 3621 eodem
1360 3548 1516 3619 Willriio
1554 3551 1599 3621 de
1640 3549 1861 3623 Libertoune
1896 3552 2051 3624 Willriro
2086 3555 2131 3625 de

684 3689 914 3761 Strathachiu
931 3697 969 3760 et
987 3686 1152 3760 Gilberto
1171 3686 1335 3758 Menaeis
1352 3709 1415 3779 pro
1440 3687 1633 3781 burgorum
1659 3682 1864 3782 comiffanjs
1880 3691 1918 3759 in
1936 3690 2030 3760 dicto
2047 3713 2132 3761 cou-

683 3829 766 3899 cilio
790 3826 948 3921 generali
983 3823 1131 3921 spaliter
1165 3827 1347 3920 deputatis
1371 3827 1408 3895 in
1433 3824 1577 3918 publiea
1601 3824 1762 3897 audiecia
1785 3827 1824 3896 in
1849 3829 2004 3919 pretorio
2026 3828 2132 3923 burgi

683 3968 728 4039 dc
746 3962 859 4037 Pertb
876 3962 1149 4036 consedentibus
1175 3969 1426 4056 comparuerit
1443 3961 1671 4033 Venerabilis
1687 3972 1790 4056 pater
1806 3963 1931 4036 Abbas
1948 3966 1993 4036 de
2014 3964 2133 4039 Scona

684 4112 728 4178 cir
746 4103 807 4176 suo
823 4104 1011 4195 piccutore
1028 4104 1074 4175 ab
1092 4126 1161 4175 vna
1186 4114 1223 4174 et
1250 4103 1435 4197 Georgeus
1453 4101 1551 4193 Gray
1567 4107 1609 4172 cri
1637 4098 1700 4172 suo
1724 4101 1951 4195 prolocutore
1970 4105 2131 4195 partibus

684 4244 728 4313 ab
749 4242 863 4313 alteru
887 4238 991 4334 super
1015 4238 1179 4311 secundis
1205 4240 1352 4337 decimis
1369 4209 1474 4310 imru
1501 4238 1545 4310 de
1572 4238 1667 4310 Rcte
1685 4241 1814 4311 tamin
1832 4240 2130 4313 firmisvittualir'r

683 4377 729 4477 q‘t
746 4380 969 4449 denariorum
988 4382 1027 4447 ta
1044 4378 1088 4448 de
1106 4346 1199 4448 Ῥῐῒιὶε
1216 4387 1255 4447 et
1271 4379 1349 4447 anis
1366 4379 1536 4471 preteriti
1552 4375 1598 4471 q‘
1614 4378 1745 4449 futuris
1761 4380 1865 4449 iuxta
1880 4387 1919 4449 et
1935 4377 2131 4451 secundum

683 4528 845 4589 tenorem
870 4515 965 4586 liarri
992 4514 1143 4585 Roberti
1169 4510 1247 4585 sedi
1273 4514 1382 4611 Regis
1408 4512 1562 4586 Scotorsr
1588 4525 1627 4586 et
1652 4514 1809 4587 secundi
1835 4488 2131 4589 delminadonem

684 4630 787 4729 dtorir
810 4650 924 4723 diiorr'r
943 4651 1129 4742 querelarsr
1147 4652 1192 4722 ud
1210 4652 1373 4744 querelas
1390 4653 1585 4724 audiendas
1610 4664 1648 4724 et
1674 4624 1906 4725 celmundus
1923 4654 2082 4727 electore
2107 4680 2132 4748 p

684 4796 776 4864 bone
794 4791 965 4862 memorie
988 4787 1129 4860 Jacobri
1153 4791 1274 4882 primu
1300 4790 1400 4885 Rege
1426 4790 1617 4861 Scotorum
1642 4786 1876 4863 illustriffimr'r
1903 4794 1940 4864 in
1966 4790 2027 4864 suo
2053 4817 2132 4888 per·

684 4932 830 5003 liameto
848 4937 950 4999 tento
968 4927 1062 5020 apud
1081 4924 1293 5022 Edinburglr
1312 4898 1531 5000 decimoicio
1549 4930 1607 5000 die
1632 4926 1762 5001 mensis
1786 4931 1870 5024 maij
1897 4953 1991 5002 anno
2014 4929 2132 5026 Regni

695 5069 769 5140 riui
796 5064 857 5138 diri
882 5064 1010 5136 Jacobi
1036 5065 1140 5157 primi
1168 5063 1332 5137 vicelimo
1357 5068 1472 5159 primo
1498 5068 1612 5139 donec
1637 5078 1676 5139 et
1701 5067 1845 5165 quousq,
1869 5068 1936 5140 diis
1962 5071 2008 5141 dc
2034 5067 2133 5142 batn
