4917 6509
365 814 452 864 nse.
468 814 577 864 saux.
594 814 650 863 111.
777 792 814 865 S.
840 790 1139 865 TRINITATIS
1165 792 1236 863 DE
1263 792 1410 865 SCON.
1778 801 1826 873 87

363 992 434 1063 alia
450 992 546 1063 bona
562 987 670 1084 ipsius
687 988 890 1085 monasterij
909 992 1003 1065 datis
1020 987 1126 1085 super
1141 992 1211 1064 hoc
1229 991 1360 1064 litteris
1376 988 1595 1085 interpositis
1606 991 1823 1083 juramentis

363 1129 465 1201 factis
484 1128 835 1202 Renunciatienibua
860 1140 899 1200 et
925 1130 1027 1223 penis
1051 1129 1200 1221 adjectis
1227 1132 1264 1201 in
1292 1152 1523 1200 communem
1550 1123 1659 1221 ipfiua
1685 1128 1825 1201 menas·

363 1266 443 1358 terij
470 1260 642 1336 lesionem
660 1265 844 1338 nonnullis
867 1265 1006 1337 clericis
1032 1276 1071 1336 et
1098 1265 1198 1337 laicis
1222 1266 1402 1358 aliquibus
1419 1266 1465 1337 ad
1483 1268 1595 1337 vitam
1612 1264 1824 1359 quibusdam

363 1426 447 1473 vero
464 1405 509 1474 ad
528 1427 600 1475 non
618 1403 801 1474 modicum
827 1412 972 1497 tempus
990 1412 1028 1473 et
1045 1402 1125 1473 aliis
1143 1412 1319 1496 perpetuo
1336 1404 1381 1474 ad
1398 1402 1538 1475 firmam
1556 1402 1615 1474 vel
1633 1399 1698 1474 sub
1715 1400 1823 1475 censu

362 1563 482 1610 annuo
513 1536 758 1611 concesserunt
788 1562 939 1633 quorum
969 1540 1080 1632 aliqui
1107 1537 1306 1633 superbiis
1332 1540 1455 1612 literas
1480 1540 1760 1611 confirmationis
1786 1544 1823 1610 in

363 1678 478 1748 forma
494 1680 677 1749 communi
694 1674 815 1763 asede
833 1675 1027 1773 apostoliea
1044 1674 1247 1770 impetrasse
1268 1677 1439 1747 dicuntur
1488 1677 1584 1761 Quia
1601 1701 1685 1749 vero
1703 1674 1824 1749 nostra

362 1808 511 1883 interest
528 1807 608 1883 lesrs
632 1810 855 1885 monasteriis
881 1811 1070 1885 subvenire
1096 1810 1302 1885 discretioni
1320 1826 1385 1885 tue
1402 1838 1467 1908 per
1483 1811 1678 1908 apostolica
1693 1814 1825 1910 scripta

361 1953 574 2023 mandamus
604 1954 774 2044 quatinus
797 1976 840 2023 ea
863 1922 933 2043 que
952 1952 996 2022 de
1015 1953 1118 2023 benis
1136 1949 1244 2046 ipsius
1266 1948 1470 2045 monasterij
1495 1975 1560 2045 per
1585 1948 1825 2024 concessiones

362 2085 565 2180 hujusmodi
592 2088 749 2159 alienata
772 2090 952 2159 inveneris
970 2088 1097 2160 illicite
1115 2090 1173 2160 vel
1192 2086 1360 2161 distradca
1376 2112 1448 2159 non
1467 2086 1692 2160 obstantibus
1710 2088 1823 2160 literis

355 2226 573 2316 juramentis
603 2226 706 2317 penis
735 2226 1068 2297 renunciationibus
1099 2236 1137 2297 et
1167 2227 1499 2299 confirmationibus
1533 2224 1744 2321 supradittis
1777 2228 1824 2297 ad

356 2361 417 2451 jus
451 2368 490 2431 et
523 2362 782 2455 proprietatem
817 2359 976 2454 ejusdcm
1011 2360 1215 2456 monasterij
1247 2363 1430 2458 legittime
1459 2386 1628 2435 revocare
1656 2386 1825 2455 procures

363 2497 652 2569 contradideres
678 2522 743 2591 per
765 2497 951 2571 censuram
969 2496 1243 2573 ecclesiasticam
1261 2499 1503 2594 appellatione
1520 2496 1714 2592 postposita
1730 2523 1826 2571 com·

363 2633 539 2727 pascendo
589 2632 714 2707 Testes
731 2649 853 2709 autem
872 2639 933 2729 qui
951 2638 1087 2708 fuerint
1105 2640 1281 2741 nominati
1298 2633 1325 2707 li
1342 2635 1378 2709 se
1390 2640 1508 2732 gratia
1523 2638 1606 2708 odio
1620 2637 1677 2709 vel
1695 2640 1826 2707 timore

362 2770 605 2844 subtraxerint
626 2770 775 2845 censura
792 2768 897 2844 simili
915 2774 1159 2868 appellatione
1177 2771 1334 2846 cessante
1351 2774 1547 2867 compellas
1565 2776 1709 2844 veritati
1727 2768 1825 2844 testi·

364 2911 528 2980 monium
545 2910 735 3005 perhibere
786 2886 925 2982 Datum
953 2910 1070 2982 Rome
1093 2912 1188 3005 apud
1207 2910 1378 2983 Sanctam
1401 2910 1574 2982 Sabinam
1598 2908 1674 3003 viij⁰
1691 2908 1826 2982 kalend

365 3046 584 3118 Novembris
602 3046 835 3139 pontificatus
852 3044 962 3118 nostri
980 3071 1074 3119 anno
1092 3049 1217 3141 primo.

364 3317 604 3393 confirmacio
622 3320 706 3390 tosti
725 3319 920 3390 Willielmi
939 3318 1085 3390 Blundi.
1145 3396 1147 3401 ,

278 3600 346 3664 lat
365 3569 557 3667 Omnibus
575 3590 639 3687 xiii
656 3594 798 3688 fidelib3
823 3596 892 3667 hoc
915 3596 1088 3688 scriptum
1117 3591 1242 3665 visuris
1268 3594 1326 3665 vel
1350 3596 1525 3665 audituris
1545 3594 1644 3666 Wlls
1661 3596 1827 3666 Blundus

365 3702 493 3803 esnam
512 3733 549 3801 in
567 3729 639 3801 diio
658 3730 759 3803 snm
807 3703 929 3803 Noisit
947 3703 1118 3805 miiitiae
1136 3738 1201 3803 via
1217 3732 1263 3802 de
1281 3729 1452 3803 consensu
1477 3732 1668 3826 Reginaldi
1685 3733 1827 3804 heredis

366 3871 437 3941 mei
454 3882 479 3939 ”c
496 3858 602 3954 alioq'
621 3867 762 3955 liberos
789 3892 898 3955 meon
923 3870 1045 3940 diuina
1071 3870 1217 3962 pietatis
1241 3855 1378 3953 intuitu
1394 3880 1463 3960 “tp
1488 3868 1606 3939 salute
1629 3874 1687 3939 aie
1705 3882 1827 3939 meet

366 4002 530 4091 adcesson
548 4028 657 4091 meon
675 4028 735 4077 me
749 4002 892 4077 Dedisse
906 4001 1119 4077 Concessisse
1135 4017 1160 4074 ”t
1178 4005 1247 4075 hac
1260 4013 1361 4075 carta
1377 4027 1459 4075 mea
1476 4001 1695 4075 confirmasse
1710 4004 1827 4074 Deos

367 4142 490 4215 Ecolie
504 4142 575 4214 See
588 4142 775 4215 Trinitatis
789 4143 834 4214 de
847 4141 944 4214 Scoii
955 4182 963 4199 ·
973 4156 999 4213 “t
1010 4140 1180 4215 Caudinis
1194 4140 1275 4211 Deo
1287 4140 1429 4212 Ibidem
1443 4144 1479 4212 in
1493 4148 1634 4236 ppetuu
1645 4113 1827 4234 suientibp

364 4254 559 4352 rsuituris
576 4282 614 4351 in
638 4304 764 4373 puram
782 4292 807 4349 ”t
823 4291 997 4373 ppetuam
1022 4278 1216 4352 elemofina
1244 4289 1317 4351 vm‘r
1339 4282 1474 4351 toltum
1492 4282 1530 4350 in
1548 4279 1634 4350 villa
1652 4281 1696 4351 de
1731 4280 1827 4353 Scoir

365 4414 405 4510 qd
422 4415 475 4489 est
500 4420 695 4511 ppinquius
721 4418 815 4488 tofto
843 4416 964 4487 Dauid
991 4418 1036 4489 de
1061 4418 1168 4512 Haya
1185 4442 1231 4488 ex
1249 4429 1313 4509 pte
1331 4418 1525 4509 aquilonali
1546 4458 1554 4475 ·
1573 4419 1827 4510 Quodquidenr

366 4555 501 4625 toftum
515 4537 670 4626 Illustris
684 4551 751 4623 dira
765 4576 868 4624 meus
882 4552 1003 4624 Aleri-
1022 4552 1104 4626 Rex
1122 4553 1227 4626 Scoti
1247 4554 1356 4624 michi
1372 4567 1398 4623 t
1415 4554 1582 4648 heredib3
1599 4559 1689 4627 meis
1707 4557 1828 4625 dedit·

366 4690 579 4763 Tenendum
596 4702 621 4760 t
638 4686 784 4761 haband
802 4690 846 4761 de
864 4714 922 4761 me
939 4702 964 4759 t
981 4690 1149 4783 heredib3
1166 4692 1257 4760 meis
1270 4691 1360 4761 adeo
1374 4690 1486 4762 libere
1500 4694 1624 4783 quiete
1637 4730 1644 4746 ·
1659 4693 1766 4785 plene
1785 4707 1829 4762 ³³(

366 4826 562 4900 honorifice
576 4827 628 4897 sid
638 4836 738 4897 carta
751 4825 813 4897 diri
825 4827 936 4921 Regis
949 4828 1058 4897 michi
1073 4829 1157 4899 inde
1171 4828 1336 4899 consedes
1348 4827 1491 4921 plenius
1505 4825 1660 4900 testatur
1673 4871 1680 4886 ·
1695 4829 1830 4912 Quam-

367 4965 511 5056 quidem
534 4972 671 5033 cartam
690 4960 761 5031 diro
781 4963 882 5033 Atti
898 4976 923 5033 ”t
942 4964 1150 5035 Conuentui
1163 4966 1208 5036 de
1227 4963 1322 5034 Seoir
1342 4966 1378 5033 iu
1398 4946 1543 5038 ilseneia
1568 4939 1742 5037 vadabilis
1757 4970 1829 5059 p'ris
