4917 6509
292 872 508 923 ricemer.
529 874 585 925 111.
704 850 741 924 S.
767 848 1066 923 TRINITATIS
1093 850 1163 923 DE
1189 851 1337 925 SCON.
1701 863 1745 927 81

291 1051 390 1123 tione
407 1050 559 1145 alicujus
574 1051 701 1121 militis
718 1049 876 1142 aliquam
894 1056 1027 1121 terrani
1053 1050 1223 1123 liberius·
1241 1054 1402 1145 quiecius
1421 1093 1429 1109 ·
1447 1052 1748 1127 honorificencius

291 1196 396 1259 tenet
411 1198 452 1259 et
467 1182 620 1282 possidet
637 1185 837 1259 Reddenda
855 1188 1042 1258 annuatim
1065 1187 1176 1258 michi
1194 1198 1233 1260 et
1249 1188 1441 1260 heredibus
1458 1192 1551 1261 meis
1567 1212 1632 1283 pro
1650 1192 1749 1262 omni

291 1321 438 1398 servicio
453 1335 491 1397 et
509 1348 618 1397 onere
631 1347 741 1396 unam
759 1323 887 1395 libram
901 1324 1024 1396 cimini
1037 1324 1082 1395 ad
1099 1322 1231 1395 festum
1244 1322 1369 1397 Sandi
1381 1324 1406 1396 J
1408 1326 1559 1399 ohannis
1576 1323 1752 1421 baptiste·

292 1462 370 1558 Ego
389 1487 473 1535 vcro
490 1462 697 1558 Stephanus
713 1470 753 1533 et
768 1461 919 1555 heredes
944 1462 1016 1533 mei
1042 1461 1175 1533 didam
1198 1471 1332 1533 terram
1350 1463 1454 1534 ditiis
1471 1464 1651 1536 canonicis
1668 1488 1753 1536 con·

292 1611 349 1671 tra
376 1623 502 1672 omnes
527 1600 690 1671 homines
714 1598 1043 1671 warantizabimus
1070 1639 1078 1655 ·
1106 1596 1308 1671 Habebunt
1335 1601 1447 1672 etiam
1474 1602 1561 1671 diei
1589 1602 1751 1673 canonici

291 1736 445 1809 liberum
466 1734 642 1833 egressum
658 1746 697 1808 et
714 1731 906 1831 ingressum
923 1745 962 1807 et
979 1758 1209 1809 communem
1234 1734 1416 1830 pasturam
1433 1739 1471 1808 in
1488 1734 1648 1831 ejusdem
1665 1739 1752 1809 ville

292 1876 472 1946 territorio
490 1883 529 1945 et
545 1873 617 1946 alia
633 1869 867 1971 Eysmmcnta
884 1871 924 1944 Si
942 1896 1027 1945 vero
1045 1875 1235 1969 contingat
1251 1875 1348 1967 quod
1365 1898 1433 1970 ego
1450 1883 1488 1946 et
1505 1875 1656 1947 heredes
1679 1877 1751 1946 mei

292 2011 487 2083 nominatis
513 2012 693 2083 canonicis
718 2012 941 2082 nominatam
969 2018 1101 2083 terram
1118 2034 1202 2083 cuin
1227 2014 1458 2105 pertinentiis
1475 2010 1547 2084 suis
1565 2012 1753 2084 Waranti-

293 2171 374 2220 aare
402 2172 474 2219 non
502 2149 700 2242 poterimus
723 2188 731 2203 ·
756 2170 822 2241 per
846 2143 961 2217 visum
989 2146 1159 2243 legalium
1178 2150 1335 2219 virorum
1362 2158 1401 2221 et
1426 2150 1688 2245 fidedignorum
1715 2152 1754 2221 in

293 2286 373 2357 loco
390 2296 466 2358 tam
483 2286 707 2380 competenti
725 2293 857 2357 ettam
880 2285 1070 2357 commodo
1088 2287 1126 2357 in
1143 2285 1252 2356 feudo
1273 2283 1394 2357 nostro
1412 2286 1457 2357 de
1477 2285 1691 2381 Melginche
1707 2289 1754 2359 ad

294 2422 574 2516 equivalentiam
604 2418 782 2517 sepediue
817 2430 912 2493 terre
945 2416 1187 2516 plenissimum
1222 2423 1387 2495 dabimus
1421 2420 1642 2495 escambium
1672 2464 1680 2479 ·
1712 2433 1755 2494 ut

295 2572 418 2632 autem
434 2561 501 2632 hec
519 2559 681 2631 venditio
698 2562 736 2629 in
754 2554 936 2652 posterum
953 2568 1032 2631 rata
1048 2569 1259 2653 permaneat
1281 2556 1427 2653 presens
1452 2556 1624 2653 scriptum
1650 2556 1755 2654 sigilli

296 2700 368 2768 mei
383 2698 584 2769 munimine
602 2696 783 2767 Roboravi
833 2690 998 2767 'festibus
1017 2736 1025 2753 ·
1045 2695 1187 2769 Wallet
1204 2697 1384 2769 avunculo
1402 2720 1483 2769 meo
1502 2696 1691 2771 ·Johanne
1710 2698 1756 2768 de

296 2834 379 2929 Aya
396 2844 434 2907 et
452 2834 578 2905 multis
595 2833 675 2905 aliis
692 2856 766 2905 non
782 2831 842 2904 hic
860 2828 1065 2905 ndminatis.

297 3107 454 3201 Capituli
475 3104 627 3187 assensus
645 3116 744 3180 carte
763 3105 955 3178 Willielmi
974 3103 1140 3201 Episcopi
1158 3106 1446 3181 sanciendae
1464 3112 1510 3181 de
1528 3108 1707 3182 Ecclesiis.

210 3395 279 3466 117
305 3359 498 3458 Omnibus
516 3378 647 3455 Christi
672 3381 840 3454 fidelibus
864 3380 1008 3476 presens
1033 3378 1203 3475 scripturn
1232 3380 1358 3454 visuris
1383 3384 1440 3455 vel
1466 3386 1642 3481 audituris
1660 3385 1763 3457 Prior

304 3532 341 3593 et
359 3519 570 3614 Capitulum
595 3515 841 3592 sandeiandree
866 3516 1032 3591 Salutem
1058 3521 1097 3590 in
1122 3519 1269 3591 domino
1294 3518 1549 3615 sempiternam
1576 3522 1763 3595 Noveiitis

304 3682 369 3731 nos
387 3659 526 3731 litteras
544 3656 758 3729 venerabilis
775 3658 887 3751 patris
904 3653 1014 3728 nostri
1031 3656 1169 3727 domini
1187 3655 1369 3730 Willelmi
1393 3660 1452 3731 dei
1474 3661 1591 3756 gratia
1607 3656 1763 3753 episcopi

306 3793 414 3869 nostri
432 3800 469 3868 in
487 3797 554 3868 hec
571 3796 681 3867 verba
699 3791 886 3888 inspexisse
903 3792 1083 3867 Omnibus
1109 3794 1172 3867 lias
1195 3793 1336 3865 litteras
1353 3791 1479 3866 visuris
1505 3795 1563 3867 vel
1588 3796 1764 3867 audituris

307 3921 517 4006 Willelmus
530 3928 758 4004 miseratione
768 3932 891 4003 divina
902 3928 1062 4005 Ecclesia
1074 3930 1333 4003 Sandiandree
1344 3928 1506 4003 minister
1516 3932 1662 4033 humilis
1671 3942 1765 4004 eter-

305 4097 388 4145 nam
406 4075 443 4144 in
461 4073 608 4144 domino
626 4068 777 4143 salutem
800 4111 808 4128 ·
829 4069 984 4142 Noverit
1002 4064 1214 4140 universitas
1232 4065 1348 4139 vestra
1366 4091 1432 4139 nos
1448 4070 1608 4139 caritatis
1626 4070 1763 4140 intuitu

307 4204 507 4283 concessisse
535 4218 574 4281 et
604 4204 779 4302 presentis
806 4204 927 4301 scripti
954 4208 1153 4300 patrocinio
1181 4201 1401 4277 confirmasse
1427 4206 1465 4275 in
1493 4201 1576 4275 usus
1603 4209 1765 4300 proprios

306 4346 446 4420 Abbati
464 4354 502 4419 et
519 4343 711 4417 Canonicis
728 4344 774 4415 de
791 4342 911 4415 Scona
927 4366 1052 4414 omnes
1070 4338 1237 4416 ecclesias
1253 4365 1341 4435 quas
1358 4342 1492 4415 habent
1507 4344 1545 4414 in
1559 4340 1764 4438 episcopatu

308 4483 552 4556 sandeiandiee
581 4484 619 4553 in
651 4482 800 4553 liberam
831 4491 870 4553 et
898 4489 1111 4573 perpetuam
1141 4476 1373 4552 elemosinam
1403 4482 1460 4551 via
1490 4449 1688 4553 Ecclesiam
1722 4483 1767 4553 de

307 4621 427 4694 Scona
443 4627 482 4693 et
500 4616 659 4713 eJusdem
676 4617 831 4712 capellas
849 4616 999 4691 Scilicet
1016 4618 1062 4689 de
1087 4616 1312 4712 Kynsavvnys
1339 4618 1385 4690 de
1411 4618 1507 4713 Crag
1532 4628 1571 4691 et
1595 4620 1642 4691 de
1669 4619 1765 4691 Rate

307 4752 505 4830 Ecclesiam
522 4756 568 4827 de
586 4754 674 4850 Lyff
685 4750 882 4827 Ecclesiam
906 4755 951 4827 de
977 4754 1248 4850 Invergoveryn
1272 4765 1310 4827 et
1337 4751 1536 4828 Ecclesiam
1561 4758 1607 4827 de
1634 4753 1766 4851 Lagin-

308 4895 429 4966 dunde
447 4888 645 4965 Ecclesiam
662 4891 708 4963 de
726 4889 1017 4965 Cambusmichel
1043 4887 1241 4964 Ecclesiam
1266 4891 1312 4963 de
1338 4890 1545 4964 Lochorver
1569 4887 1767 4965 Ecclesiam

308 5034 354 5104 de
372 5030 604 5125 Keringtoun
622 5026 701 5101 Has
718 5038 841 5101 autem
860 5025 1026 5103 ecclesias
1040 5052 1121 5102 cuni
1137 5028 1285 5122 capellis
1302 5039 1343 5103 ct
1357 5029 1526 5103 omnibus
1539 5030 1768 5123 pertinentiis

1023 5186 1045 5238 n
