4917 6509
659 818 706 885 cc
1171 812 1329 885 LIBER
1354 811 1603 885 accusem
1930 835 2007 886 asc.
2027 836 2115 886 x111.

659 1147 893 1223 Confirmatio
910 1148 1111 1223 Alexandri
1130 1151 1242 1247 Regis
1259 1149 1365 1245 super
1381 1150 1571 1223 excambio
1589 1154 1685 1222 terre
1701 1152 1748 1222 de
1765 1146 2067 1223 Cambusmichel.

591 1427 636 1498 63
661 1401 886 1499 Alexander
902 1400 972 1498 Des
992 1428 1110 1522 gratia
1126 1425 1208 1499 Rex
1227 1425 1437 1499 Scottorum
1455 1426 1622 1497 omnibus
1638 1425 1761 1519 probis
1782 1426 1988 1497 hominibus
2005 1428 2119 1499 totius

660 1574 755 1637 terre
771 1563 833 1637 sue
850 1560 1003 1637 salutem
1054 1562 1180 1635 Sciant
1197 1560 1381 1659 presentes
1398 1576 1437 1635 et
1453 1564 1567 1635 futuri
1585 1586 1651 1635 nos
1662 1560 1864 1636 conceffilse
1879 1574 1919 1635 et
1934 1565 2004 1637 hac
2019 1576 2120 1637 carta

660 1698 780 1774 nostra
797 1697 1016 1773 confirmasse
1033 1701 1266 1772 donationem
1282 1699 1383 1771 illam
1401 1724 1509 1794 quam
1526 1667 1709 1774 Robcrtds
1722 1700 1848 1775 Abbas
1864 1712 1903 1775 et
1919 1712 2119 1775 conventus

662 1842 707 1912 de
724 1838 844 1913 Souna
860 1841 898 1909 in
915 1838 1023 1932 pleno
1042 1838 1200 1931 capitulo
1217 1836 1281 1909 suo
1298 1839 1464 1911 fecerunt
1487 1841 1635 1911 nomine
1660 1836 1927 1933 compositionis
1944 1840 2118 1937 Gregorio

662 1980 708 2050 de
722 1975 995 2051 Cambismichel
1009 1976 1054 2047 de
1068 1978 1172 2048 terris
1185 1977 1232 2049 de
1244 1978 1426 2073 orouchyn
1439 1986 1478 2050 et
1491 1978 1537 2050 de
1549 1976 1733 2051 cloncater
1745 1981 1784 2050 iu
1797 1978 2015 2051 escambium
2027 1989 2124 2051 terre

662 2116 708 2187 de
730 2112 1007 2187 Cambismichel
1034 2136 1142 2207 quam
1169 2116 1285 2187 uisus
1310 2114 1507 2211 Gregorius
1533 2114 1579 2187 de
1603 2117 1656 2187 eis
1681 2117 1802 2187 tenuit
1827 2127 1865 2188 et
1891 2117 1938 2189 de
1954 2139 2025 2209 qua
2050 2118 2120 2189 snit

662 2254 847 2326 contentio
871 2254 967 2323 inter
987 2250 1079 2345 ipsos
1139 2250 1300 2357 Tenend.
1325 2262 1364 2325 et
1385 2227 1543 2325 habeud.
1568 2254 1662 2325 diso
1691 2254 1867 2350 Gregorio
1895 2264 1936 2327 et
1966 2270 2121 2348 quatuor

661 2392 853 2463 heredibus
870 2388 941 2462 suis
959 2391 1004 2463 de
1022 2412 1169 2505 corpore
1185 2388 1249 2461 suo
1275 2390 1409 2463 dirette
1434 2400 1473 2462 et
1498 2391 1678 2486 legittime
1703 2394 1982 2485 procedentibus
1999 2394 2056 2466 rel
2075 2396 2121 2465 de

663 2526 745 2624 ipsis
763 2528 944 2625 legittime
969 2525 1269 2601 descendentibus
1292 2526 1404 2621 usque
1430 2529 1476 2600 ad
1496 2538 1665 2622 quurtum
1690 2530 1861 2601 heredem
1885 2530 1931 2603 de
1953 2532 2122 2624 predittis

663 2669 794 2741 abbate
811 2676 849 2739 et
866 2674 1049 2739 conventu
1066 2676 1105 2737 et
1122 2653 1249 2737 eorum
1265 2662 1518 2738 successoribus
1535 2689 1600 2760 per
1615 2668 1730 2739 redas
1744 2666 1872 2740 divisas
1884 2666 1965 2741 suas
1982 2677 2121 2741 etcum

663 2805 830 2878 omnibus
847 2799 947 2877 iustis
964 2804 1194 2897 pertinentiis
1212 2812 1251 2874 et
1267 2802 1497 2875 libertatibus
1521 2799 1593 2875 suis
1618 2805 1672 2875 ita
1693 2802 1806 2878 libere
1823 2806 1946 2898 quiete
1961 2807 2122 2899 plenarie

663 2955 702 3017 et
726 2942 921 3015 honorifice
942 2938 1034 3016 sicut
1055 2941 1305 3037 cirographum
1332 2938 1438 3034 super
1463 2941 1558 3014 dicta
1583 2940 1838 3035 compositione
1864 2954 1903 3017 et
1929 2945 2122 3019 donatione

662 3084 759 3155 inter
775 3076 867 3176 ipsos
885 3079 1089 3153 confestum
1113 3078 1255 3173 plenius
1271 3073 1365 3149 iuste
1382 3075 1536 3151 testatur
1585 3078 1695 3153 Salso
1710 3080 1859 3155 servicio
1876 3080 1996 3155 nostro
2038 3108 2123 3157 oon·

662 3222 829 3316 tingente
846 3228 969 3291 autem
995 3218 1092 3311 quod
1118 3216 1235 3289 disus
1252 3214 1449 3311 Gregorius
1467 3218 1524 3289 vel
1549 3217 1679 3311 aliquis
1704 3220 1878 3292 heredum
1895 3220 2040 3294 suorum
2061 3224 2124 3293 de·

663 3358 768 3429 cedat
785 3352 861 3428 fine
877 3355 1010 3427 herede
1026 3356 1073 3426 de
1089 3355 1233 3447 proprio
1258 3376 1407 3447 corpore
1423 3354 1606 3450 legittime
1622 3354 1864 3430 descendente
1881 3358 2063 3432 Volumus
2080 3371 2123 3433 ut

663 3493 822 3589 preditte
847 3502 944 3565 terre
969 3489 1105 3564 scilicet
1131 3490 1291 3583 cruchyn
1316 3499 1355 3561 et
1380 3490 1564 3563 cloncater
1589 3493 1634 3563 ad
1661 3496 1851 3566 canonicos
1877 3496 1922 3568 de
1948 3495 2068 3570 Scona
2084 3500 2122 3568 in

663 3639 880 3727 perpetuum
907 3636 1136 3701 revertantur
1165 3621 1257 3698 ficut
1284 3628 1322 3697 in
1349 3628 1476 3699 eodem
1507 3629 1716 3723 cirographo
1744 3630 1887 3723 plenius
1916 3636 2124 3706 continetur
2183 3644 2188 3652 ’

664 3767 770 3843 Teste
786 3768 937 3864 patricio
956 3768 1089 3839 comite
1107 3763 1269 3838 Dunbar.

667 4049 777 4121 Carta
793 4043 996 4117 Alexandri
1015 4041 1126 4137 Regis
1143 4041 1189 4113 de
1207 4048 1305 4114 terra
1321 4041 1367 4113 de
1384 4039 1492 4113 Blare
1510 4040 1548 4111 in
1567 4038 1801 4114 Warennsm.

596 4326 642 4397 64
667 4301 890 4400 Alexander
907 4320 977 4393 Dei
994 4319 1111 4416 gratia
1127 4316 1209 4390 Rex
1227 4316 1436 4389 Scottorum
1458 4315 1626 4387 omuibus
1651 4317 1772 4410 probis
1788 4318 1994 4395 hominibus
2010 4325 2123 4395 totius

665 4474 761 4537 terre
774 4459 836 4533 sue
848 4458 1000 4531 salutem
1052 4455 1177 4529 Sciant
1195 4455 1291 4547 quod
1304 4448 1537 4527 concessimus
1554 4452 1677 4526 abbati
1689 4464 1729 4527 et
1740 4460 1936 4531 conventui
1949 4460 1995 4532 de
2006 4460 2124 4533 Scona

666 4610 709 4675 ut
734 4608 867 4671 terram
893 4592 992 4667 suam
1016 4594 1060 4665 de
1077 4591 1186 4665 Blare
1208 4591 1368 4664 habeant
1388 4592 1431 4662 iu
1453 4588 1696 4663 Warrennam
1746 4592 1868 4678 Quare
1892 4597 2124 4689 prohibemus

666 4738 818 4811 firmiter
842 4732 989 4825 nequis
1013 4731 1051 4802 in
1074 4729 1201 4802 eadem
1226 4738 1323 4803 terra
1346 4723 1423 4803 linc
1447 4752 1572 4803 eorum
1597 4729 1745 4803 licentia
1767 4728 1866 4806 secet
1887 4746 1952 4808 aut
1974 4746 2125 4807 venetur

668 4876 772 4970 super
787 4869 943 4945 nostram
961 4868 1156 4964 plenariam
1176 4864 1435 4941 foriffadturam
1461 4868 1587 4941 decem
1614 4867 1786 4943 librarum
1835 4868 1930 4946 Test.
1947 4881 1986 4943 et
2003 4882 2126 4945 cetera

666 5032 782 5083 amen.
