4917 6509
346 960 437 1013 nuo.
455 959 568 1011 1111111.
588 959 645 1009 111.
765 936 802 1009 S.
828 935 1129 1009 TRINITATIS
1155 936 1225 1009 DE
1253 937 1399 1011 SCON.
1669 924 1690 963 ⁶
1762 945 1809 1010 85

346 1139 391 1209 de
409 1146 530 1209 cetero
548 1147 670 1209 amoto
688 1137 847 1208 dominio
865 1147 904 1207 et
920 1134 1100 1231 potestate
1125 1137 1163 1207 in
1181 1160 1243 1208 eos
1260 1133 1432 1209 transsato
1450 1161 1496 1208 ex
1514 1160 1611 1209 nunc
1631 1138 1754 1229 quiete
1771 1147 1810 1208 et

344 1274 494 1368 pacifice
523 1270 733 1368 possidenda
795 1270 917 1365 Siquis
948 1282 1071 1345 autem
1103 1274 1147 1345 de
1176 1297 1310 1369 genere
1339 1297 1422 1346 meo
1451 1285 1578 1347 contra
1606 1271 1810 1368 hujusmodi

345 1412 444 1506 piam
463 1420 500 1483 et
518 1411 658 1483 licitam
676 1411 908 1505 donationem
926 1432 1044 1481 meam
1071 1412 1323 1502 quoquomodo
1341 1414 1464 1484 venire
1481 1408 1734 1505 presumpserit
1751 1410 1811 1483 vel

346 1549 525 1640 predittos
543 1550 636 1619 viros
649 1543 715 1619 seu
733 1543 987 1619 monasterium
1006 1544 1111 1641 super
1127 1548 1297 1640 predictis
1314 1549 1515 1651 turbaverit
1532 1546 1594 1620 seu
1612 1550 1811 1643 impetierit

348 1683 635 1758 maledittionem
661 1685 922 1777 omnipotentis
948 1684 1006 1755 dei
1032 1686 1191 1756 incurrat
1216 1694 1255 1755 et
1285 1707 1416 1777 penam
1446 1686 1546 1780 dupli
1576 1686 1706 1757 valoris
1731 1708 1811 1779 pre-

348 1821 434 1892 aior
463 1822 555 1917 juris
586 1830 797 1915 patronatus
827 1822 945 1893 eidem
974 1816 1188 1893 monasterio
1218 1818 1358 1893 soluere
1388 1830 1557 1894 teneatur
1585 1824 1631 1895 ab
1665 1846 1708 1893 eo
1736 1818 1811 1894 srne

350 1955 594 2032 misericorde
610 1960 829 2055 exigendum
846 1982 988 2031 necnon
1015 1960 1171 2053 dampna
1188 1968 1226 2031 et
1244 1955 1419 2053 expensas
1436 1983 1525 2052 quas
1541 1961 1640 2032 idem
1655 1957 1809 2055 religios]

348 2099 415 2167 viri
434 2107 472 2169 et
489 2094 743 2169 monasterium
760 2097 912 2168 fecerint
929 2092 992 2167 seu
1009 2092 1243 2167 sustinuerint
1269 2104 1439 2167 teneatur
1465 2095 1627 2190 plenarie
1643 2094 1812 2169 resarcire
1943 2186 1952 2199 ο
2024 2158 2031 2165 .

349 2236 518 2328 predittis
543 2236 739 2307 donatione
762 2231 823 2306 seu
848 2234 1103 2306 donationibus
1129 2231 1384 2305 nichilominus
1405 2236 1443 2305 in
1468 2231 1683 2321 suorobore
1709 2236 1813 2307 dura·

349 2374 439 2443 turis
474 2370 519 2443 In
553 2374 657 2466 cujus
690 2374 742 2443 rei
781 2368 1028 2444 testimonium
1061 2379 1100 2443 et
1135 2370 1391 2443 certitudinem
1435 2371 1633 2463 pleniorem
1669 2368 1813 2466 presens

350 2510 537 2602 publicum
550 2506 830 2581 instrumentum
848 2507 953 2602 super
964 2506 1169 2601 hujusmodi
1186 2510 1443 2583 donationibus
1460 2533 1525 2603 per
1541 2532 1670 2581 manus
1683 2508 1813 2581 Barar-

352 2646 387 2717 di
406 2648 451 2718 de
468 2642 578 2719 oarfio
595 2648 726 2719 notarii
752 2642 969 2739 infrascripti
992 2647 1124 2717 exinde
1141 2646 1219 2717 fieri
1236 2646 1307 2717 seci
1331 2654 1369 2717 et
1386 2640 1491 2741 sigilli
1508 2647 1581 2719 mei
1598 2643 1813 2741 appensione

352 2785 483 2855 muniri
500 2783 638 2855 Attum
664 2784 760 2877 apud
785 2784 911 2855 urbem
939 2792 1100 2855 veterem
1125 2784 1164 2855 in
1188 2782 1341 2855 Camers
1365 2783 1428 2854 ubi
1454 2791 1543 2855 tunc
1567 2780 1815 2878 hospitabatur

351 2922 468 2994 didus
485 2921 509 2993 J
511 2923 671 2995 ohannes
687 2918 912 3015 presentibus
929 2920 1040 2992 fratre
1057 2921 1203 2993 henrico
1227 2920 1324 2989 ditio
1341 2918 1448 2990 ehild
1466 2922 1639 2993 canonico
1656 2917 1816 3013 ejusdem

353 3056 558 3131 monosterii
575 3056 745 3153 magistro
763 3057 943 3130 Roderico
968 3066 1200 3151 procuratore
1225 3054 1334 3129 luceii
1352 3056 1402 3127 Et
1418 3054 1589 3153 magistro
1605 3058 1751 3131 henrico
1769 3058 1816 3128 de
1917 3080 1924 3093 ·

352 3195 590 3290 nothingbam
616 3196 788 3266 canonico
815 3192 993 3265 cathaneb
1019 3194 1179 3265 Berardo
1209 3193 1256 3265 de
1286 3196 1434 3265 civitate
1463 3194 1609 3287 penneii
1638 3197 1813 3267 notario·

353 3334 499 3404 domino
518 3330 673 3404 Ricardo
691 3332 736 3402 de
753 3328 873 3401 sanoo
892 3330 1022 3425 Egidio
1040 3331 1173 3403 vicario
1190 3324 1338 3401 ecclesie
1356 3332 1403 3402 de
1424 3330 1629 3403 Mediltoun
1652 3331 1817 3404 lincolni-

355 3466 447 3541 enfis
473 3465 620 3540 diocesis
655 3442 826 3539 Roberto⁸
851 3468 898 3539 de
933 3466 1096 3539 Eboraco
1130 3466 1261 3539 clerico
1290 3466 1459 3540 lohanne
1489 3468 1535 3540 de
1560 3466 1817 3541 Westwardon

353 3605 506 3681 testibus
524 3606 574 3678 Et
599 3630 666 3701 ego
691 3604 872 3677 Berardus
888 3605 984 3676 filius
1012 3606 1095 3677 boni
1120 3605 1277 3676 bominis
1303 3605 1349 3677 de
1375 3601 1497 3677 Oarfio
1521 3606 1687 3701 publicus
1705 3609 1818 3700 impe·

355 3745 433 3817 riali
451 3745 666 3817 austoritate
682 3744 844 3814 notarius
861 3741 906 3813 ad
924 3743 1084 3835 preditta
1101 3764 1185 3813 cnm
1202 3742 1372 3835 preditis
1389 3752 1538 3815 vocatus
1555 3744 1703 3814 interfui
1720 3754 1758 3814 et
1775 3767 1820 3815 ea

356 3884 477 3954 omnio
502 3882 548 3953 de
573 3881 743 3952 mandato
769 3873 879 3974 ipsius
904 3879 1081 3952 lobannis
1102 3874 1222 3973 scripsi
1247 3882 1285 3951 in
1310 3880 1493 3973 publicam
1516 3880 1670 3953 sormam
1695 3881 1817 3975 redegi

356 4042 510 4113 meoque
527 4014 626 4114 signo
644 4015 780 4113 signavi
806 4016 969 4113 Rogatus
1034 4016 1140 4089 Nulli
1166 4040 1252 4111 ergo
1278 4018 1426 4087 omnino
1442 4017 1579 4087 homini
1596 4016 1706 4088 liceat
1722 4019 1817 4091 banc
1840 4019 1844 4028 '

358 4159 525 4253 paginam
543 4152 662 4227 nostre
679 4153 962 4226 confirmationis
984 4152 1179 4249 infringere
1197 4153 1257 4224 vel
1274 4155 1309 4223 ei
1325 4149 1413 4223 ausu
1431 4155 1623 4224 temerario
1640 4156 1818 4227 contraire

360 4292 481 4385 Siquis
498 4301 622 4364 autem
639 4290 707 4362 hoc
724 4298 943 4383 attemptare
968 4286 1220 4386 presumpserit
1246 4291 1533 4385 indignationem
1559 4292 1819 4386 omnipotentis

360 4431 419 4503 dei
437 4439 475 4501 et
492 4430 681 4501 beatorum
698 4428 792 4521 petri
818 4436 856 4498 et
882 4427 980 4521 p'auli
1005 4424 1245 4523 apostolorum
1270 4430 1348 4522 ejus
1365 4425 1402 4500 se
1425 4430 1568 4501 noverit
1593 4426 1818 4503 incursurum

361 4566 501 4639 Datum
531 4567 626 4661 apud
656 4564 782 4638 urbem
813 4574 975 4637 veterem
1009 4564 1082 4637 noii
1112 4563 1269 4666 Augusti
1303 4568 1535 4661 pontificatus
1568 4564 1679 4641 nostri
1707 4568 1819 4641 Anno

361 4727 487 4798 primo.
