4917 6509
331 868 417 920 uuo.
429 868 513 922 uos.
527 870 584 921 111.
750 850 787 922 S.
813 850 1110 923 TRINITATIS
1137 848 1206 921 DE
1233 850 1379 924 SCON.
1710 858 1779 923 153

331 1044 495 1120 Abbates
521 1051 582 1140 qui
612 1072 676 1143 pro
706 1059 869 1145 tempore
893 1051 1034 1122 fuerint
1067 1052 1174 1125 coitra
1204 1051 1314 1122 anulo
1352 1059 1393 1122 et
1424 1050 1505 1123 aliis
1535 1050 1779 1146 potificalibus

329 1178 488 1279 insigniis
506 1186 617 1258 libere
638 1182 774 1280 pollitis
799 1190 854 1260 uti
881 1186 931 1259 Et
956 1188 1050 1280 quod
1077 1190 1114 1259 in
1141 1190 1237 1260 disto
1261 1185 1475 1261 monasterio
1500 1199 1539 1261 et
1564 1188 1779 1283 prioratibus

329 1324 446 1395 eidem
477 1320 690 1396 monasterio
719 1323 885 1419 subjettis
914 1348 956 1399 ao
984 1325 1247 1419 parochialibus
1277 1334 1316 1398 et
1344 1326 1424 1398 aliis
1454 1321 1612 1399 ecclesiis
1642 1326 1688 1398 ad
1718 1348 1781 1395 ros

314 1430 491 1553 'quamvis
516 1461 624 1556 pleno
643 1464 730 1559 jure¹
749 1486 821 1535 non
839 1460 975 1535 subsint
991 1463 1257 1557 pertinentibus
1282 1461 1579 1535 Benedibtionem
1597 1461 1781 1535 solennem

329 1598 434 1693 super
465 1599 640 1694 populum
669 1599 748 1694 post
777 1600 956 1675 missarum
986 1598 1213 1695 vesperorum
1247 1610 1286 1672 et
1318 1604 1576 1673 matutinorum
1609 1599 1781 1673 solemnia

330 1738 523 1809 dummodo
540 1740 578 1809 in
595 1722 843 1811 benediblioue
860 1737 1061 1833 hujusmodi
1078 1739 1206 1831 aliquis
1223 1734 1374 1811 antistes
1389 1735 1452 1812 seu
1474 1736 1566 1811 sedis
1588 1736 1781 1833 apostolice

329 1874 469 1969 legatus
486 1874 629 1968 presens
646 1899 718 1947 non
736 1877 847 1949 fuerit
863 1877 1005 1973 elargiri
1021 1872 1157 1970 polluis
1174 1875 1290 1948 felicis
1305 1876 1562 1948 recordationis
1579 1874 1780 1948 Alexandri

330 2035 421 2106 pape
439 2014 556 2105 quarti
573 2009 823 2107 predecessoris
839 2010 948 2085 nostri
966 2037 1036 2107 que
1053 2015 1181 2108 incipit
1199 2011 1364 2085 Abbates
1389 2024 1429 2084 et
1452 2013 1532 2086 aliis
1555 2012 1782 2106 quibuscum·

330 2172 400 2241 que
418 2146 733 2222 constitutionibus
751 2149 953 2246 apostolicis
975 2154 1012 2223 in
1036 2152 1255 2223 contrarium
1272 2152 1379 2222 editis
1395 2174 1623 2244 nequaquam
1640 2147 1782 2223 obstan·

331 2287 429 2360 tibus
455 2288 556 2359 vobis
583 2297 622 2360 et
650 2286 784 2361 eisdem
810 2286 1062 2362 successoribus
1089 2289 1320 2361 Austoritate
1346 2284 1540 2382 apostolica
1568 2288 1614 2360 de
1639 2286 1782 2383 speciali

330 2426 446 2520 gratia
462 2434 588 2497 tenore
604 2423 822 2519 presentium
840 2428 1068 2523 indulgemus
1082 2425 1187 2497 Nulli
1205 2450 1290 2521 ergo
1307 2428 1453 2498 omnino
1471 2426 1657 2498 hominum
1674 2424 1784 2501 liceat

331 2564 422 2635 hanc
440 2565 606 2659 paginam
627 2561 746 2637 nostre
771 2562 1002 2638 oonceffionis
1027 2565 1221 2660 infringere
1240 2564 1298 2637 vel
1321 2565 1356 2636 ei
1379 2562 1466 2637 ausu
1491 2565 1683 2637 temerario
1699 2586 1784 2637 con·

332 2702 440 2772 traire
457 2699 497 2772 Si
516 2703 595 2793 quis
611 2710 734 2775 autem
752 2704 820 2777 boc
837 2712 1054 2798 attemptare
1078 2699 1330 2798 presumpserit
1355 2701 1648 2799 Indignationem
1669 2703 1784 2773 omni-

332 2840 490 2932 potentis
503 2839 561 2911 dei
575 2847 614 2911 et
625 2840 811 2912 beatorum
830 2843 925 2934 petri
938 2850 977 2914 et
990 2842 1088 2937 pauli
1101 2837 1357 2936 Apostolorum
1374 2841 1451 2935 ejus
1463 2838 1500 2914 se
1512 2840 1655 2912 noverit
1666 2840 1784 2912 incur-

331 2975 452 3048 surum
469 2962 595 3049 datum
608 2976 770 3049 Avinion
787 2978 822 3071 ij.
836 2979 884 3049 id.
902 2976 1126 3074 Septembris
1143 2978 1376 3075 pontificatus
1392 2973 1502 3051 nostri
1514 2976 1626 3051 Anno
1643 2979 1782 3072 primo·

332 3251 443 3325 Carta
459 3248 617 3325 Walteri
635 3250 801 3349 Episcopi
820 3254 942 3327 Sanbti
959 3252 1108 3327 Andros
1125 3252 1171 3326 de
1188 3248 1345 3325 ecclefiis
1362 3262 1401 3325 et
1417 3252 1565 3347 capellis
1583 3308 1591 3323 .

223 3491 309 3609 19ss
338 3500 537 3601 Univerfis
561 3525 680 3599 santis
704 3527 830 3599 matris
864 3520 1013 3599 ecclesie
1041 3522 1125 3596 filiis
1149 3524 1195 3597 ad
1220 3546 1374 3617 quorum
1398 3526 1567 3599 notitiam
1592 3525 1785 3621 presentes,

334 3664 456 3738 littere
468 3666 698 3761 pervenerint
715 3704 725 3723 ·
744 3663 933 3736 Walterus
945 3659 1173 3735 miseratione
1185 3661 1309 3734 diviua
1321 3660 1520 3758 Episcopus
1531 3661 1786 3736 Saneiandree

334 3800 486 3875 salutem
512 3805 550 3876 in
576 3804 737 3875 omnium
763 3800 951 3875 Salvatore
977 3800 1163 3873 Noveritis
1188 3822 1255 3871 noe
1279 3822 1363 3871 cum
1391 3797 1562 3873 consensu
1587 3809 1626 3873 et
1651 3797 1785 3874 assensu

334 3940 482 4035 capituli
516 3937 627 4012 nostri
651 3936 895 4013 sanstiandree
925 3933 1126 4012 conoeffille
1151 3946 1190 4010 et
1222 3936 1398 4033 presentis
1432 3935 1553 4033 scripti
1586 3941 1784 4034 patrocinio

333 4072 551 4150 confirmasse
568 4080 606 4149 in
623 4075 707 4150 usus
723 4079 885 4172 proprios
902 4075 1041 4151 Abbati
1058 4084 1096 4149 et
1114 4076 1295 4149 canonicis
1320 4077 1365 4149 de
1390 4075 1510 4150 Scona
1526 4078 1660 4150 ordinis
1676 4076 1786 4150 santii

333 4210 528 4310 Augustini
545 4212 663 4287 nostre
680 4211 828 4288 diocesis
845 4214 980 4287 ibidem
997 4215 1065 4287 deo
1085 4211 1323 4285 servientibus
1345 4223 1385 4286 et
1410 4217 1663 4309 inperpetuum
1680 4212 1787 4287 servi·

335 4353 425 4423 turis
442 4374 566 4424 omnes
584 4347 750 4425 ecclesias
767 4374 856 4445 quas
880 4352 1017 4425 habent
1041 4350 1080 4423 in
1105 4347 1311 4446 episcopatu
1336 4347 1456 4424 nostro
1480 4348 1724 4427 santtiundree
1749 4357 1787 4426 in

222 4454 230 4468 ο
336 4490 484 4563 liberam
503 4514 628 4585 puram
654 4500 693 4563 et
718 4499 930 4585 perpetuam
956 4482 1185 4561 elemosinam
1203 4525 1211 4544 ·
1229 4491 1287 4560 vic
1304 4527 1312 4546 ·
1332 4486 1529 4563 Ecclesiam
1550 4491 1595 4563 de
1612 4490 1732 4566 Scona
1748 4502 1787 4565 et

335 4626 494 4725 ejusdem
520 4629 675 4725 capellas
701 4630 747 4701 de
771 4628 963 4701 kiusawnis
989 4627 1034 4699 de
1059 4626 1155 4722 Orag
1178 4637 1217 4699 et
1243 4627 1289 4700 de
1314 4625 1414 4701 Ruth
1444 4624 1630 4703 ecclesmn
1655 4631 1701 4703 de
1725 4630 1794 4725 lyff

336 4765 521 4841 eeclesiam
539 4768 584 4841 de
601 4766 824 4864 Iuvergoury
840 4761 1026 4839 eeclesiam
1045 4765 1090 4835 de
1107 4762 1312 4859 logydunde
1335 4762 1521 4840 ecclesram
1547 4768 1593 4840 de
1616 4768 1788 4842 Cambus-

335 4903 468 4980 michel
502 4944 512 4964 ·
547 4903 744 4979 Ecclesiam
774 4906 820 4977 de
845 4901 1038 4999 Kilspindy
1063 4922 1076 4974 r
1105 4898 1304 4975 Ecclefiam
1339 4904 1384 4977 de
1418 4905 1518 4978 blare
1551 4904 1631 4980 Has
1663 4920 1787 4981 autem

336 5040 502 5118 ecclesias
536 5066 620 5117 cum
653 5043 800 5141 capellis
834 5052 874 5116 et
899 5043 1065 5115 omnibus
1091 5041 1324 5134 pertinenciis
1348 5038 1419 5114 suis
1443 5065 1466 5115 a
1488 5041 1790 5139 predecessoribus

1051 5200 1076 5251 u
