4917 6509
351 852 567 905 suo.r1.ux.
588 854 628 905 11.
762 833 800 906 S.
827 830 1125 908 TRINITATIS
1152 832 1222 906 DE
1247 832 1395 907 SCON.
1761 844 1809 915 89

349 1028 464 1103 solvat
514 1030 565 1103 Et
582 1032 754 1126 prohibeo
771 1056 819 1105 ne
836 1034 916 1127 quis
933 1028 1081 1105 ecclelia
1099 1034 1144 1107 dc
1157 1031 1254 1107 Scon
1272 1028 1345 1107 live
1363 1033 1518 1107 eiusdem
1539 1035 1609 1107 loci
1626 1038 1807 1108 canonicis

350 1167 485 1261 aliquid
503 1172 548 1241 de
565 1172 726 1264 predica
742 1172 882 1244 decima
898 1166 970 1244 five
987 1167 1183 1245 elemofina
1198 1172 1297 1245 ultra
1318 1174 1496 1267 predidos
1521 1175 1697 1246 terminos
1714 1174 1807 1246 deti·

349 1317 435 1379 neat
459 1306 565 1403 super
589 1332 708 1381 meam
730 1310 928 1403 plenariam
955 1308 1213 1383 forillad'curam
1264 1311 1402 1405 Siquis
1423 1336 1508 1384 vero
1532 1310 1637 1407 super
1657 1314 1727 1385 hoc
1754 1314 1805 1384 eis

348 1444 477 1539 aliquis
494 1448 657 1520 detinere
681 1446 932 1542 presumpserit
957 1450 1114 1543 precipio
1141 1459 1184 1521 ut
1202 1450 1403 1522 vicecomes
1419 1414 1675 1522 fire⁸ballivus
1701 1473 1805 1523 meus

349 1584 387 1655 in
405 1586 507 1657 cuius
523 1582 703 1679 potestate
721 1586 863 1658 debitor
878 1586 987 1657 fuerit
1004 1609 1088 1659 eum
1106 1582 1295 1682 distringat
1312 1587 1428 1659 donec
1450 1589 1503 1659 eia
1520 1587 1683 1660 debitum
1700 1586 1803 1660 suum

349 1724 508 1819 plenarie
524 1724 734 1823 persolverit
761 1696 946 1800 'Testibus

347 2003 459 2075 Carta
475 2001 676 2077 Alexandri
694 2003 804 2100 Regis
822 2004 868 2077 de
884 2003 1159 2075 redbitudinibus
1175 2004 1214 2075 in
1232 2004 1340 2074 domo
1358 2002 1520 2097 Regina·

276 2284 319 2355 61
347 2254 459 2352 Alei
477 2282 534 2352 dei
553 2280 629 2352 Gis
646 2279 728 2352 Rex
746 2276 874 2353 Scoti·
893 2277 1073 2352 Omnibus
1091 2280 1210 2373 probis
1227 2280 1434 2351 hominibus
1450 2276 1580 2352 'l'ocius
1596 2278 1799 2353 terrestre?

347 2414 464 2490 Salim
477 2456 486 2472 ·
500 2416 631 2490 Sciatis
647 2441 707 2491 me
724 2412 925 2490 conoeffill'e
942 2418 1010 2489 deo
1026 2430 1051 2488 'c
1068 2417 1181 2490 ecclia
1198 2418 1244 2490 de
1262 2416 1360 2489 Scoii
1373 2430 1419 2489 ·‘·t
1435 2420 1559 2491 abbati
1575 2431 1601 2489 *t
1618 2419 1799 2491 canonicis

346 2556 481 2628 ibidem
498 2556 565 2628 deo
581 2553 793 2628 seruietibus
818 2565 861 2627 ut
877 2555 1037 2628 habeant
1054 2558 1092 2628 in
1118 2557 1225 2628 domo
1252 2554 1395 2653 Regiae
1419 2555 1551 2629 omnes
1567 2558 1801 2629 rectitudines

347 2716 435 2787 ques
454 2694 593 2767 habent
618 2696 656 2765 iu
682 2694 789 2765 domo
814 2716 897 2766 mea
912 2732 920 2749 ·
938 2691 1074 2765 scilicet
1100 2694 1145 2766 de
1171 2694 1328 2789 expensa
1351 2708 1378 2765 t
1402 2698 1557 2788 coquina
1574 2736 1583 2753 ·
1600 2694 1717 2788 q‘ndo
1742 2693 1802 2791 i‘pa

347 2834 482 2905 curiam
498 2829 599 2904 suam
616 2856 642 2925 p
658 2829 694 2904 se
707 2834 867 2903 tenuerit
884 2870 893 2887 ·
912 2828 1006 2917 Q‘re
1031 2834 1190 2925 precipio
1216 2831 1383 2904 Bailliuis
1400 2844 1426 2903 ‘t
1442 2819 1685 2906 seruientibus
1708 2832 1799 2904 suis·

346 2979 390 3041 ut
418 2969 475 3043 eis
497 2971 674 3065 predidoas
700 2970 933 3041 reditudines
959 2964 1033 3041 line
1059 2964 1318 3042 disturbatione
1337 2969 1471 3042 habere
1493 2971 1629 3043 faciant
1653 3009 1663 3027 ·
1685 2969 1800 3042 Test-

348 3106 445 3180 Will
466 3148 475 3164 ·
500 3105 607 3180 Ante
625 3147 635 3164 ·
652 3108 698 3179 de
724 3104 855 3179 Edenb
879 3146 887 3161 ·
906 3104 1003 3178 Will
1029 3148 1037 3165 ·
1064 3106 1110 3179 de
1135 3104 1255 3178 Bosch
1280 3144 1289 3163 ·
1313 3104 1455 3179 cancell
1471 3145 1479 3164 ·
1505 3105 1605 3180 Alei
1621 3146 1630 3163 ·
1647 3110 1731 3181 vie·
1756 3110 1802 3179 de

347 3244 489 3319 Sduel·
509 3242 574 3317 An
589 3284 598 3302 ·
616 3240 804 3338 capellas·
824 3242 945 3339 Rogei
963 3284 971 3301 ·
986 3245 1031 3315 de
1048 3254 1189 3317 mortuo
1206 3246 1293 3317 mari
1310 3242 1451 3316 'l'hoffi-
1469 3246 1516 3317 de
1533 3243 1654 3319 Sthrel
1664 3285 1674 3303 ·
1686 3246 1801 3319 clico-

345 3378 448 3461 Qlalii
466 3424 474 3441 ·
490 3386 663 3477 piuoema
678 3422 687 3439 ·
704 3376 794 3477 Apu
810 3380 966 3453 Stluelih
983 3421 992 3437 ·
1010 3382 1057 3475 vij
1076 3384 1135 3454 die
1152 3381 1372 3475 Septemb?-

346 3660 458 3733 Carta
474 3658 676 3731 Alexandri
694 3656 805 3753 Regis
822 3658 868 3729 de
884 3667 982 3729 terra
997 3679 1068 3750 que
1085 3666 1235 3730 vocatur
1252 3656 1375 3730 Insula
1390 3660 1437 3731 de
1453 3659 1560 3732 Secu.

277 3944 323 4015 69
349 3912 572 4010 Alexander
589 3934 659 4007 Dei
678 3932 806 4006 Gratia
822 3931 905 4004 Rex
923 3930 1134 4004 Scottorum
1150 3933 1319 4006 omnibus
1332 3934 1454 4027 probis
1468 3934 1676 4007 hominibus
1689 3938 1802 4008 totius

348 4084 444 4147 terre
460 4072 523 4147 sue
540 4074 679 4145 clericis
697 4082 735 4145 et
751 4070 852 4144 laicis
869 4068 1023 4143 salutem
1066 4068 1193 4142 Sciant
1205 4068 1390 4163 presentes
1407 4080 1446 4143 et
1463 4072 1578 4144 futuri
1591 4094 1657 4143 uos
1668 4070 1803 4145 dedille

346 4222 387 4285 et
404 4206 603 4285 concellllle
629 4220 667 4282 et
692 4211 760 4281 hac
786 4218 886 4281 carta
910 4204 1031 4280 nostra
1054 4204 1276 4281 confirmalle
1302 4208 1467 4282 Galfrido
1492 4208 1566 4281 lilio
1591 4208 1732 4292 martiii
1758 4212 1803 4282 de

347 4350 436 4423 Pert
452 4350 583 4422 clerico
600 4345 720 4419 nostro
738 4356 871 4419 terram
889 4370 960 4440 que
977 4355 1128 4419 vocatur
1177 4342 1300 4417 Insula
1316 4347 1362 4417 de
1379 4342 1502 4419 Scona
1550 4344 1713 4421 Teneud.
1736 4342 1802 4420 fibi

346 4498 387 4561 et
402 4488 595 4561 heredibus
611 4484 683 4557 suis
708 4486 754 4557 dc
779 4485 883 4556 nobis
908 4493 947 4556 ct
972 4483 1163 4556 heredibus
1188 4481 1318 4557 nostris
1343 4486 1381 4555 in
1406 4484 1513 4557 feodo
1539 4495 1577 4557 et
1601 4487 1804 4560 hereditate

346 4650 431 4700 eum
448 4624 615 4697 omnibus
626 4618 731 4717 justis
749 4618 908 4716 ejusdem
925 4629 1021 4694 terre
1038 4622 1305 4715 pertinentibus
1322 4622 1435 4694 libere
1452 4631 1491 4694 et
1504 4624 1628 4716 quiete
1644 4624 1804 4718 plenarie

347 4774 386 4838 et
402 4763 597 4837 honorilice
615 4760 815 4833 Reddendo
834 4760 918 4831 inde
934 4760 1039 4833 nobis
1053 4768 1092 4832 et
1102 4762 1295 4833 heredibus
1312 4757 1441 4832 nostris
1450 4754 1599 4857 lingulis
1618 4763 1722 4833 annis
1739 4784 1804 4854 pro

347 4902 515 4976 omnibus
543 4898 696 4973 servitiis
725 4920 835 4970 unam
860 4907 1001 4992 petram
1032 4920 1113 4970 cere
1138 4900 1183 4970 ad
1209 4894 1340 4971 festum
1365 4896 1475 4971 sanci
1499 4898 1627 4971 Jacobi
1652 4896 1803 4993 apostoli

348 5042 468 5116 Salvis
484 5040 589 5113 nobis
606 5045 644 5110 et
662 5036 853 5109 heredibus
870 5032 999 5109 uostris
1024 5037 1191 5109 omnibus
1209 5034 1365 5133 piscariis
1382 5045 1420 5109 et
1437 5038 1539 5131 aquis
1555 5039 1593 5109 in
1609 5036 1685 5132 'l'cy
1695 5040 1806 5110 iuxta

349 5180 545 5276 predictam
563 5186 696 5249 terram
746 5171 911 5249 'restibus
