4917 6509
691 818 762 890 164
1217 809 1373 883 LIBER
1399 809 1646 884 ECGLESIE
2002 832 2156 883 snc.xv.

704 1152 813 1225 Carta
830 1150 981 1225 Roberti
999 1150 1146 1247 Logane
1162 1150 1288 1224 militis
1306 1152 1441 1224 domini
1458 1152 1505 1223 de
1522 1148 1702 1247 Lestalrig
1719 1151 1765 1223 de
1782 1152 1886 1223 terris
1903 1153 1949 1221 de
1967 1148 2101 1223 Malles
2118 1192 2127 1207 ·

585 1429 668 1494 eoa.
705 1405 897 1505 Omnibus
914 1427 1044 1501 cisni
1069 1428 1235 1501 sneisanc
1259 1430 1352 1501 hanc
1377 1438 1513 1501 anam
1539 1424 1680 1501 visuris
1705 1426 1763 1500 vei
1781 1428 1956 1499 audituris
1973 1425 2155 1499 nonanus

341 1550 419 1675 qul*
703 1572 748 1642 de
766 1568 914 1664 Lagaria
929 1567 1034 1639 miles
1052 1568 1217 1639 dominus
1234 1568 1279 1639 de
1296 1563 1475 1661 lestalrig·
1488 1564 1656 1637 Salutem
1673 1566 1711 1637 in
1729 1565 1875 1637 domino
1888 1563 2155 1658 sempiternam

704 1708 834 1780 Sciatis
852 1728 911 1777 me
927 1727 992 1799 pro
1008 1701 1122 1778 salute
1139 1707 1259 1776 anime
1271 1728 1353 1775 mee
1365 1711 1404 1775 et
1420 1701 1680 1775 antecessorum
1693 1727 1735 1776 ac
1746 1698 1980 1775 successorum
1992 1724 2155 1774 meorum

704 1838 835 1917 dedisse
853 1838 1053 1915 concessisse
1071 1851 1109 1915 et
1125 1844 1191 1915 hac
1208 1840 1364 1935 presenti
1381 1811 1482 1913 carta
1497 1863 1580 1913 mea
1604 1835 1826 1913 confirmasse
1851 1841 1919 1912 deo
1944 1851 1983 1911 et
2007 1836 2156 1911 ecclesie

704 1978 828 2053 sanni
847 1977 1039 2051 Michaelis
1056 1979 1101 2049 de
1117 1974 1223 2051 soona
1240 2002 1282 2051 ac
1299 1978 1438 2051 Abbati
1454 1986 1494 2049 et
1511 1977 1703 2051 Canonicis
1728 1977 1863 2050 ibidem
1889 1978 1957 2049 deo
1972 1975 2157 2048 servienti·

703 2120 771 2191 bus
800 2128 838 2190 et
870 2120 1137 2213 imperpetuum
1166 2112 1348 2189 servituris
1374 2118 1413 2188 in
1446 2138 1573 2210 puram
1604 2124 1643 2187 et
1679 2125 1890 2210 perpetuam
1926 2111 2155 2186 elemosinam

703 2280 827 2328 omnes
861 2264 973 2327 terras
1007 2278 1105 2327 meaa
1134 2254 1180 2325 de
1210 2254 1345 2327 Malles
1370 2254 1463 2325 infra
1487 2253 1614 2348 Goury
1639 2254 1685 2325 ad
1710 2252 1904 2325 Baroniam
1929 2253 1975 2324 dc
2000 2248 2157 2347 lestalrig

702 2396 925 2487 pertinentes
941 2416 1015 2465 una
1031 2416 1114 2465 cum
1131 2414 1251 2505 annqo
1267 2392 1414 2464 redditu
1430 2414 1512 2463 meo
1537 2388 1678 2487 septem
1695 2414 1895 2464 morcarum
1916 2413 2026 2485 quem
2050 2394 2155 2464 aunis

703 2528 850 2626 singulis
867 2532 912 2602 de
930 2531 1033 2603 diuis
1050 2532 1154 2603 terris
1173 2532 1262 2602 meis
1279 2531 1461 2625 percipere
1487 2528 1739 2603 consueveram
1756 2568 1764 2586 ·
1781 2526 1934 2603 Tenenti
1955 2539 1995 2601 ct
2011 2526 2157 2602 haband

703 2670 815 2742 distas
832 2678 945 2741 terras
961 2670 1100 2763 prefate
1118 2664 1266 2741 ecclesie
1283 2692 1324 2739 ac
1342 2666 1480 2739 Abbati
1506 2676 1544 2739 et
1569 2669 1750 2739 canonicis
1772 2676 1815 2739 ut
1831 2668 2056 2762 premittitur
2072 2692 2155 2739 cnm

703 2809 812 2879 moris
828 2803 1003 2879 marresiis
1019 2809 1131 2901 pratis
1147 2806 1264 2901 planis
1281 2802 1419 2900 pascuis
1437 2804 1562 2877 rivulis
1587 2804 1702 2879 boscis
1725 2806 1933 2878 nemoribus
1957 2808 2156 2879 venationi-

703 2946 771 3017 bus
795 2947 1093 3041 aucupationibus
1119 2955 1157 3017 et
1182 2942 1438 3040 piscationibus
1467 2945 1671 3037 pariterque
1700 2965 1784 3016 cum
1814 2943 1978 3015 domibus
2008 2943 2157 3015 officinis

704 3084 876 3156 s·fabrili
893 3080 1033 3156 brafina
1053 3093 1092 3156 et
1114 3085 1243 3156 ceteris
1268 3081 1486 3177 quibuslibet
1511 3082 1698 3154 Similibus
1722 3104 1764 3154 ac
1786 3104 1868 3152 cum
1892 3081 2059 3154 omnibus
2078 3081 2158 3153 aliia
2285 3138 2292 3152 .

703 3224 932 3316 pertinentiis
945 3220 1174 3294 libertatibus
1188 3230 1226 3293 et
1236 3217 1439 3293 asiamentis
1449 3230 1525 3291 tam
1535 3220 1629 3291 infra
1641 3228 1774 3291 terram
1787 3241 1894 3312 quam
1908 3216 2012 3313 supra
2024 3227 2157 3292 terrain

704 3382 787 3430 cum
805 3356 876 3430 suis
892 3360 999 3431 restis
1023 3360 1131 3431 metis
1156 3368 1195 3431 et
1220 3355 1340 3429 divisis
1364 3381 1406 3431 aa
1432 3356 1511 3430 aliis
1536 3353 1817 3450 quibuscumque
1842 3358 2157 3429 commoditatibus

705 3506 781 3567 tam
798 3518 870 3566 non
888 3496 1083 3567 nominatis
1100 3517 1208 3587 quam
1224 3496 1419 3567 nominatis
1436 3495 1488 3566 ita
1512 3517 1602 3587 pure
1628 3493 1741 3565 libere
1766 3502 1805 3564 et
1825 3489 2033 3589 simpliciter
2049 3516 2157 3589 quam

704 3630 824 3723 aliqua
841 3625 988 3702 ecclesia
1004 3630 1161 3723 aliquam
1187 3638 1321 3700 terram
1346 3624 1497 3723 possidet
1520 3633 1558 3701 in
1585 3631 1714 3726 Regno
1739 3628 1867 3703 Scocie
1892 3630 1990 3704 Volo
2014 3629 2158 3726 insuper

704 3776 743 3840 et
760 3767 917 3839 concedo
935 3768 1030 3860 quod
1046 3765 1160 3839 libere
1176 3774 1344 3839 tenentes
1360 3775 1399 3838 et
1417 3766 1535 3839 incole
1552 3768 1726 3840 diduarum
1743 3777 1920 3840 terrarum
1944 3762 1993 3839 fic
2008 3791 2073 3862 per
2096 3793 2156 3841 me

704 3915 747 3977 ut
764 3907 943 4000 profertur
960 3905 1072 3978 libere
1095 3928 1137 3977 ac
1160 3901 1369 3998 simpliciter
1391 3904 1606 3977 donatarum
1626 3904 1764 3978 Abbati
1786 3915 1826 3978 et
1851 3904 1954 3979 ditiis
1978 3908 2156 3979 canonicis

707 4047 744 4115 in
770 4046 936 4117 omnibus
961 4054 1111 4139 pareant
1137 4044 1307 4141 obediant
1331 4052 1371 4115 at
1395 4041 1631 4137 respondeant
1656 4066 1699 4115 ac
1724 4043 1846 4116 omnia
1866 4041 2014 4118 servicia
2036 4045 2158 4118 debita

707 4191 745 4253 et
762 4179 933 4255 consueta
953 4182 1070 4255 facere
1097 4189 1292 4252 teneantur
1314 4177 1407 4253 ficut
1428 4180 1539 4285 michi
1561 4182 1734 4253 hastarius
1759 4182 1876 4255 facere
1901 4179 2158 4254 consueverant

707 4330 771 4391 aut
805 4322 850 4391 de
883 4320 973 4393 Jure
1007 4320 1206 4392 debuerant
1240 4318 1339 4405 Quas
1372 4318 1518 4413 quidem
1556 4318 1788 4390 donationem
1826 4315 2085 4392 concessionem
2119 4332 2158 4391 et

708 4458 1015 4530 confirmationem
1045 4467 1088 4528 ut
1116 4456 1294 4550 prefertur
1317 4480 1382 4552 per
1411 4478 1471 4527 me
1499 4478 1589 4551 pure
1617 4454 1730 4528 libere
1755 4479 1798 4528 ac
1817 4452 2026 4552 simpliciter
2050 4458 2158 4529 saitae

708 4598 957 4689 prenominato
982 4589 1129 4667 ecclesie
1154 4593 1292 4666 Abbati
1310 4602 1349 4666 et
1372 4593 1564 4668 Canonicis
1588 4604 1716 4667 contra
1740 4616 1865 4667 omnes
1899 4595 2063 4667 homines
2088 4619 2158 4667 wa-

708 4734 892 4806 rantizabo
909 4732 1057 4827 quitabo
1074 4740 1113 4805 et
1130 4732 1395 4827 imperpetuum
1413 4733 1604 4805 defendam
1621 4734 1666 4805 ad
1679 4735 1775 4826 quod
1787 4733 1939 4843 firmiter
1949 4756 1992 4806 ac
2003 4731 2159 4807 fideliter

710 4872 912 4943 laciendum
930 4870 1050 4966 obligo
1069 4892 1191 4942 omnes
1209 4880 1322 4943 terrae
1341 4893 1440 4944 meaa
1465 4880 1504 4942 et
1528 4871 1698 4964 precipue
1724 4871 1770 4943 de
1797 4866 1973 4967 Lestalrig
1997 4894 2039 4944 ac
2058 4892 2158 4943 meos
