4917 6509
343 810 572 865 6161161.
749 788 786 859 S.
812 784 1109 859 TRINITATIS
1135 781 1204 854 DE
1232 783 1377 857 SCON.
1716 792 1781 861 191

340 988 636 1063 monasteriorum
676 988 880 1060 Abbatibus
920 980 1179 1075 Nobilibusquc
1217 986 1301 1055 viris
1339 985 1507 1056 Johsnne
1540 985 1785 1079 scrymgeoure

340 1126 623 1200 conestabulario
654 1128 698 1197 de
729 1125 862 1197 Dunde
891 1122 1008 1195 milite
1035 1121 1234 1193 Malcolmo
1263 1122 1309 1193 de
1336 1121 1554 1194 Montereffc
1584 1124 1630 1193 de
1659 1123 1785 1193 eodem

341 1266 529 1337 Willelmo
563 1261 752 1337 cranstoun
781 1266 826 1335 de
854 1261 1036 1354 swinhope
1070 1270 1108 1331 61
1137 1260 1301 1333 nicholao
1335 1262 1380 1333 de
1409 1260 1624 1333 Ottirburne
1657 1261 1785 1333 clerico

340 1402 556 1475 Rutulorum
582 1413 620 1473 61
647 1398 802 1497 Registri
827 1398 1048 1472 auditoribus
1074 1398 1119 1468 ad
1146 1395 1339 1469 decisiones
1364 1399 1589 1492 querelarum
1615 1395 1786 1471 6166116-

339 1564 419 1611 rum
445 1538 794 1634 116616111616161116
820 1538 1038 1631 Comparens
1069 1534 1286 1607 honorabilis
1311 1538 1365 1607 vir
1393 1536 1558 1609 Andreas
1584 1538 1629 1609 de
1655 1535 1786 1631 Ogilvy

339 1680 384 1748 de
418 1677 675 1772 Inchmcrtyne
708 1677 812 1749 miles
850 1678 982 1747 citatus
1019 1674 1063 1744 ad
1101 1670 1307 1745 instantiam
1343 1673 1570 1748 Venerabilis
1603 1678 1714 1768 patris
1747 1677 1785 1746 in

340 1811 480 1886 Christo
506 1814 643 1886 Thome
672 1815 828 1887 Abbatis
853 1816 898 1885 de
927 1810 1046 1884 Scona
1071 1806 1297 1903 responsurus
1322 1810 1427 1906 super
1451 1813 1596 1906 quercla
1620 1835 1684 1905 per
1708 1835 1786 1905 pre-

340 1955 455 2023 fatum
473 1952 713 2025 venerabilem
739 1962 879 2047 patrem
905 1970 968 2045 pro
993 1948 1029 2020 se
1055 1959 1094 2020 et
1119 1959 1300 2022 conventu
1321 1949 1383 2022 suo
1408 1961 1533 2023 contra
1558 1961 1596 2022 et
1621 1947 1786 2022 adversus

340 2092 519 2184 prefatum
533 2093 718 2162 dominum
731 2092 900 2162 andream
914 2099 1013 2161 mota
1030 2094 1067 2159 et
1085 2084 1246 2181 exposita
1262 2085 1444 2161 occasione
1461 2087 1618 2181 ejusdcm
1636 2112 1725 2161 cane
1742 2089 1787 2157 de

340 2228 522 2298 frumento
556 2228 741 2299 annuatim
772 2221 984 2300 monasterio
1014 2232 1059 2301 de
1090 2230 1208 2303 Scona
1237 2230 1281 2299 de
1315 2229 1419 2298 terris
1453 2228 1498 2298 de
1532 2225 1786 2318 Inchmertyne

340 2367 528 2438 antedictis
557 2364 678 2436 debite
704 2364 822 2458 Super
847 2368 947 2459 cujus
973 2391 1061 2440 cane
1086 2368 1263 2440 solutione
1288 2366 1447 2460 prefatus
1472 2364 1637 2435 dominus
1661 2363 1787 2435 Abbas

341 2500 461 2574 sensrit
491 2516 529 2573 61
558 2499 667 2573 161111
695 2501 731 2573 16
761 2514 978 2575 conventum
1006 2504 1110 2577 suum
1138 2529 1180 2577 ac
1209 2500 1463 2575 monasterium
1492 2503 1687 2572 enormiter
1712 2502 1787 2570 sore

340 2638 431 2713 lesos
447 2650 612 2737 gravatos
630 2650 668 2711 et
685 2640 782 2713 ultra
798 2644 944 2713 modum
970 2645 1208 2739 prejudicatus
1229 2665 1293 2735 pro
1311 2665 1354 2713 eo
1371 2650 1411 2712 ct
1427 2664 1473 2711 ex
1491 2663 1534 2711 eo
1551 2640 1646 2731 quod
1663 2638 1724 2709 nbi
1743 2638 1788 2707 de

341 2803 430 2873 puro
448 2789 486 2850 et
503 2781 637 2851 mundo
655 2781 776 2851 tritico
802 2777 935 2853 eisdem
952 2782 1090 2855 Abbati
1108 2791 1146 2853 et
1166 2782 1360 2852 conventui
1377 2802 1466 2851 cana
1482 2777 1622 2870 prefata
1637 2774 1788 2869 persolvi

342 2900 473 2991 debeat
500 2919 544 2989 dc
562 2939 670 3010 quam
695 2916 857 3009 plurimis
884 2922 1125 2993 immundiciis
1142 2928 1181 2991 et
1198 2918 1387 2990 Seminum
1412 2916 1596 2987 inutilium
1621 2938 1789 3010 aggrega-

342 3056 501 3126 tionibus
525 3056 670 3126 zizaniis
688 3049 771 3148 pifis
787 3057 983 3129 immundis
1001 3081 1082 3128 cum
1100 3058 1225 3128 mixtis
1243 3057 1365 3126 avenis
1382 3064 1421 3125 61
1437 3053 1579 3124 modico
1596 3053 1788 3124 admodum

343 3194 458 3262 mixto
475 3193 657 3263 frumento
674 3195 819 3264 nominc
836 3203 980 3265 tantum
998 3204 1036 3266 et
1053 3218 1125 3266 161
1142 3218 1181 3265 16
1197 3193 1377 3263 modernis
1402 3216 1498 3263 nunc
1523 3192 1649 3264 diebus
1665 3202 1790 3263 contra

342 3330 450 3399 deum
488 3325 741 3401 conscientiam
781 3331 912 3402 bonam
952 3341 990 3402 et
1023 3332 1276 3402 infeudationis
1310 3354 1398 3402 cane
1431 3327 1606 3423 sepedicto
1640 3330 1788 3400 sormam

342 3468 489 3537 modum
516 3476 554 3538 et
579 3477 745 3539 naturam
771 3470 809 3538 11
834 3492 942 3563 grave
968 3471 1163 3563 dampnum
1190 3480 1227 3541 et
1253 3470 1487 3562 prejudicium
1510 3492 1584 3539 non
1609 3471 1789 3541 modicum

344 3605 499 3677 Abbatis
530 3615 568 3676 et
597 3614 796 3676 conventus
829 3604 1069 3699 prediscorum
1104 3619 1142 3677 61
1176 3608 1213 3677 11
1247 3604 1403 3699 ipsorum
1436 3605 1565 3678 talium
1599 3603 1790 3677 Inutilium

344 3741 532 3815 Seminum
555 3751 593 3813 61
621 3741 940 3815 Immundiciorum
966 3747 1235 3839 aggregationes
1259 3744 1539 3837 persolventium
1562 3745 1790 3836 obprobrium

345 3879 568 3973 duplicatum
597 3904 686 3953 cana
710 3878 784 3974 ipsa
813 3879 1024 3974 persolvitur
1050 3892 1157 3975 prout
1182 3882 1280 3954 idem
1305 3882 1431 3954 Abbas
1455 3884 1493 3953 11
1519 3904 1637 3952 rerum
1663 3890 1791 3951 natura

344 4014 545 4109 hujusmodi
563 4017 790 4090 Solutionem
813 4019 959 4091 realiter
981 4029 1021 4090 61
1045 4021 1089 4091 61
1115 4018 1260 4090 oculum
1283 4016 1493 4091 ostendebat
1510 4018 1572 4089 Ad
1597 4019 1693 4109 qnod
1713 4041 1791 4111 pre·

344 4154 440 4226 fatus
465 4153 631 4227 Andreas
656 4153 788 4250 Ogilvy
805 4155 908 4227 miles
933 4157 970 4226 in
996 4158 1178 4229 audientia
1203 4180 1273 4249 qua
1290 4153 1394 4250 supra
1417 4151 1561 4227 61161111
1586 4162 1625 4225 61
1649 4154 1791 4247 publice

346 4288 399 4361 est
425 4286 599 4363 confessus
625 4292 719 4383 quod
746 4315 791 4362 ex
817 4288 1039 4364 conceffione
1064 4304 1103 4364 61
1126 4294 1370 4365 infeodatione
1392 4293 1478 4364 olim
1503 4292 1692 4365 recolende
1717 4315 1792 4363 me-

346 4432 458 4500 morie
481 4428 674 4500 Willielmi
700 4430 879 4522 quondam
898 4428 1089 4501 Scotorum
1106 4434 1200 4526 regis
1218 4429 1341 4502 Incliti
1358 4431 1403 4502 de
1419 4434 1524 4503 terris
1541 4431 1729 4504 antedidtis
1746 4432 1791 4501 de

347 4567 603 4661 Inchmertyne
620 4570 681 4660 qui
698 4578 786 4639 tunc
803 4570 974 4661 temporis
991 4569 1146 4661 prefatas
1169 4570 1336 4640 terracin
1352 4572 1512 4663 proprios
1528 4567 1610 4641 usus
1626 4571 1792 4641 habuerit

347 4716 385 4777 et
411 4729 470 4777 cas
496 4708 684 4799 occupavit
709 4704 783 4798 ipsa
808 4729 897 4777 cona
916 4706 1087 4777 frumenti
1114 4705 1246 4779 eisdem
1263 4704 1400 4779 Abbati
1426 4717 1465 4779 et
1490 4710 1682 4779 conventui
1709 4709 1793 4779 data

346 4846 416 4916 fuit
446 4853 484 4915 ct
512 4844 777 4942 imperpetuum
811 4840 970 4915 66166116
999 4844 1080 4929 Que
1106 4846 1251 4938 quidem
1285 4868 1374 4917 cana
1406 4846 1451 4917 de
1479 4846 1660 4918 frumento
1689 4842 1793 4940 super

346 4982 496 5053 fundum
516 4979 690 5054 1111161111
709 4991 884 5054 terrarum
902 4978 1082 5055 crescente
1100 4984 1195 5054 bene
1212 4993 1251 5054 61
1267 4980 1481 5055 sufficienter
1507 5008 1587 5056 curn
1615 4987 1730 5057 cribro
1756 4998 1794 5058 ct
