4917 6509
661 765 705 831 50
1172 754 1331 827 LIBER
1356 751 1605 829 ECCLESIE
1930 775 2009 827 sec.
2028 775 2117 828 x111.

661 958 790 1031 habere
816 965 988 1051 poterunt
1014 958 1051 1028 in
1077 964 1172 1027 terra
1188 954 1366 1027 Johannis
1383 952 1571 1048 Sparound
1597 976 1668 1047 que
1693 950 1858 1026 similiter
1883 955 2043 1048 pertinet
2070 955 2116 1027 ad

661 1092 957 1168 constabulariam
1008 1093 1250 1166 concedimus
1272 1094 1382 1189 igiter
1403 1091 1535 1164 didam
1562 1102 1697 1165 terram
1713 1100 1753 1165 et
1770 1094 1918 1164 domum
1937 1093 2118 1187 lapideam

661 1242 698 1305 et
715 1234 905 1328 gardinum
919 1231 1079 1325 superius
1097 1232 1325 1303 nominatum
1341 1232 1510 1324 predicis
1521 1232 1645 1305 abbati
1659 1244 1698 1304 et
1710 1233 1892 1304 canonicis
1902 1234 2064 1305 tenenda
2079 1243 2119 1304 et

661 1374 826 1445 habenda
840 1368 905 1443 fibi
924 1382 961 1443 et
978 1368 1231 1444 successoribus
1247 1367 1318 1442 suis
1336 1371 1383 1442 de
1399 1369 1503 1440 nobis
1519 1378 1559 1441 et
1574 1370 1767 1441 heredibus
1790 1365 1918 1442 nostris
1934 1372 1974 1441 in
1990 1394 2119 1466 perpe-

662 1526 765 1583 tuum
784 1512 897 1584 libere
913 1510 1111 1582 honorifice
1128 1509 1289 1603 plenarie
1306 1519 1346 1580 et
1362 1509 1486 1601 quiete
1525 1508 1727 1581 Reddendo
1740 1508 1826 1581 inde
1842 1510 1946 1581 nobis
1962 1518 2002 1583 et
2017 1512 2120 1582 here-

662 1652 766 1721 dibus
792 1646 920 1721 nostris
945 1650 1134 1721 annuatim
1160 1648 1287 1719 decem
1312 1645 1443 1717 solidos
1460 1648 1600 1741 argenti
1617 1644 1755 1719 scilicet
1772 1670 1794 1715 v
1811 1643 1941 1719 solidos
1959 1649 2006 1720 ad
2025 1647 2120 1719 Pen-

662 1784 815 1859 tecostes
832 1798 871 1858 et
888 1810 911 1856 v
927 1785 1057 1859 solidos
1075 1786 1120 1859 ad
1137 1782 1269 1858 festum
1287 1782 1397 1857 saneti
1423 1785 1570 1855 martini
1587 1787 1625 1855 in
1642 1786 1751 1882 yeme
1767 1807 1832 1878 pro
1855 1788 1954 1856 omni
1972 1783 2119 1858 servitio

663 1924 921 1997 consuetudine
938 1944 977 1997 et
995 1926 1172 1997 demanda
1220 1923 1331 1997 Saluo
1357 1923 1461 1995 nobis
1479 1933 1518 1993 et
1534 1922 1727 1995 heredibus
1753 1920 1884 1995 nostris
1909 1934 1948 1995 et
1974 1923 2117 1995 ballivis

663 2061 848 2136 nostriset
870 2064 1043 2135 heredum
1069 2059 1271 2135 nostrorum
1296 2058 1483 2171 hollilagio
1506 2062 1728 2155 competenti
1754 2064 1794 2132 in
1819 2064 1980 2155 predidta
2010 2064 2118 2133 domo
2195 2021 2203 2172 l

664 2203 803 2295 lapidea
820 2211 858 2272 et
874 2204 911 2273 in
925 2202 1092 2273 omnibus
1108 2201 1188 2274 aliis
1202 2166 1374 2273 domibus.
1384 2198 1597 2272 habebimus
1610 2197 1860 2273 aisiamentnm
1872 2196 2119 2294 nostrumque
2195 2185 2200 2200 ⁸

663 2344 789 2427 domus
807 2348 913 2411 emnt
930 2341 967 2410 in
986 2341 1146 2433 predicta
1162 2350 1260 2411 terra
1276 2362 1326 2433 v3.
1345 2339 1437 2410 infra
1453 2340 1589 2409 curiam
1606 2338 1847 2411 discedemus
1871 2361 1955 2409 curn
1976 2361 2044 2410 nos
2062 2340 2120 2410 vel

663 2617 804 2711 lapidea
821 2617 954 2687 erimus
979 2613 1148 2709 hospitati
1166 2624 1205 2687 et
1221 2614 1322 2687 salua
1345 2615 1449 2686 nobis
1466 2623 1504 2684 et
1521 2614 1712 2687 heredibus
1729 2613 1859 2686 nostris
1884 2617 1985 2687 ouria
2001 2610 2121 2687 nostra

596 2732 600 2741 ’
663 2758 699 2825 in
718 2754 844 2825 eadem
863 2764 959 2825 terra
975 2754 1134 2825 tenenda
1151 2762 1189 2823 et
1206 2750 1314 2823 saluis
1332 2750 1473 2845 placitis
1490 2761 1529 2824 et
1545 2751 1796 2825 misericordiis
1808 2763 1848 2825 et
1860 2750 1887 2824 s1
1900 2776 1972 2846 que
1985 2755 2120 2825 suerint

663 2892 800 2964 elhaete
818 2892 968 2985 prodisti
986 2915 1071 2964 vero
1089 2894 1252 2964 canonici
1269 2893 1467 2985 predibtam
1480 2892 1627 2961 domum
1644 2891 1824 2985 lapideam
1837 2902 1876 2963 et
1888 2892 1976 2963 alias
1993 2893 2120 2962 domus

663 3036 699 3103 in
731 3032 893 3123 predicta
919 3040 1017 3101 terra
1045 3029 1240 3102 honorilice
1266 3026 1493 3102 sustinebunt
1543 3028 1688 3100 sivero
1710 3030 1841 3123 aliquis
1870 3030 2039 3102 clamium
2063 3028 2121 3101 vel

664 3170 905 3262 calumpniam
933 3170 972 3239 in
999 3168 1094 3240 dica
1118 3180 1214 3241 terra
1231 3168 1386 3241 voluerit
1411 3188 1557 3239 movere
1579 3167 1675 3241 salvo
1702 3166 1893 3242 cuiussibet
1918 3170 1996 3242 iure
2018 3169 2123 3243 eausa

664 3310 759 3377 inter
776 3306 962 3400 litigantes
980 3313 1080 3377 mota
1095 3328 1161 3399 per
1174 3309 1310 3378 secam
1322 3307 1440 3401 legem
1454 3313 1493 3376 et
1505 3302 1642 3377 allisam
1656 3315 1752 3379 terre
1765 3310 1803 3379 in
1817 3311 1952 3380 curiam
1966 3304 2121 3381 nostram

664 3444 773 3513 tinem
792 3441 957 3513 debitum
974 3439 1144 3512 sortietur
1160 3442 1229 3513 hiis
1246 3439 1398 3513 testibus

663 2480 811 2550 heredes
827 2474 938 2549 nostri
957 2477 1014 2549 vel
1031 2477 1156 2549 ballivi
1173 2474 1284 2548 nostri
1298 2477 1356 2548 vel
1373 2476 1547 2549 heredum
1563 2472 1765 2549 nostrornm
1781 2479 1819 2547 in
1836 2476 1996 2571 prediola
2012 2478 2118 2548 domo

2452 3393 2453 3474 l

666 3717 900 3789 Confirmatio
935 3714 1135 3788 Alexandri
1171 3715 1284 3811 Regis
1322 3718 1526 3790 donationis
1560 3718 1693 3813 Rogeri
1731 3720 1777 3791 de
1810 3719 1942 3805 Quinci
1981 3724 2123 3795 comitis
2201 3692 2208 3707 ⁹

670 3855 861 3927 Wintonie
877 3868 937 3926 hc·²

595 4148 636 4211 81
668 4106 894 4209 Alexander
912 4133 983 4205 Dei
999 4134 1116 4229 gratia
1133 4131 1214 4204 Rex
1232 4130 1442 4204 Scottorum
1459 4131 1626 4204 omnibus
1643 4133 1764 4227 probis
1789 4133 1995 4204 hominibus
2011 4137 2125 4206 totius

667 4285 762 4345 terre
779 4270 840 4344 sue
853 4270 1007 4344 salutem
1057 4268 1183 4343 Sciant
1200 4267 1381 4365 presentes
1398 4277 1437 4342 et
1452 4270 1567 4341 futuri
1584 4292 1650 4341 nos
1667 4267 1869 4343 eoncelstlse
1887 4280 1926 4342 et
1941 4272 2010 4345 hac
2027 4283 2125 4345 carta

667 4406 787 4483 nostra
803 4404 1024 4481 confirmasse
1041 4404 1302 4480 concellionem
1319 4416 1359 4481 et
1375 4409 1684 4481 confirmationem
1709 4408 1811 4481 illam
1834 4432 1943 4502 quam
1959 4410 2125 4507 Rogems

668 4550 713 4620 de
727 4548 881 4631 aninci
894 4546 1025 4619 Comes
1037 4545 1229 4619 Wintonie
1246 4542 1530 4620 constabillarius
1546 4543 1669 4619 noster
1684 4547 1773 4619 lecit
1789 4544 1928 4619 Abbati
1943 4550 1989 4619 de
2007 4548 2126 4621 Scona

668 4697 706 4757 et
723 4686 903 4759 canonicis
915 4685 1050 4756 ibidem
1062 4684 1142 4757 Deo
1154 4683 1393 4758 servientibus
1406 4691 1444 4755 et
1456 4682 1641 4757 servituris
1657 4687 1696 4756 in
1708 4692 1925 4779 perpetuum
1940 4686 1986 4757 de
1999 4682 2125 4757 duabis

669 4826 774 4899 terris
792 4846 862 4916 que
879 4825 1026 4895 firernnt
1043 4824 1224 4915 quondam
1236 4822 1418 4897 Willelmi
1435 4824 1481 4895 de
1499 4822 1580 4919 Lyn
1597 4824 1637 4895 in
1653 4824 1767 4919 burgo
1784 4824 1831 4894 de
1849 4822 1962 4896 Perth
1979 4824 2024 4895 ad
2041 4846 2126 4895 con-

669 4960 895 5037 stabulariam
912 4960 1037 5033 Scotie
1059 4962 1327 5055 pertinentibus
1354 4984 1443 5055 quas
1470 4972 1584 5037 terras
1601 4962 1718 5036 dictus
1735 4960 1950 5035 Willelmus
1966 4964 2019 5033 eis
2041 4985 2126 5035 con-
