4917 6509
669 850 715 923 78
1179 836 1338 962 bIBER
1364 836 1612 911 ECCLESIE
1944 858 2022 911 sac.
2041 859 2128 911 xm.

669 1036 854 1113 ecclesiam
880 1047 1019 1111 temere
1043 1036 1256 1132 perturbare
1285 1045 1351 1109 aut
1378 1037 1456 1130 ejus
1485 1031 1711 1131 possessiones
1741 1036 1883 1110 auferre
1908 1038 1968 1110 vel
1992 1036 2132 1111 ablatas

668 1178 824 1249 retinere
836 1177 999 1247 minnere
1012 1171 1074 1247 seu
1087 1170 1568 1267 quibussibetrexationibus
1582 1174 1733 1270 fatigare
1776 1172 1845 1247 Set
1857 1176 1981 1248 omnia
1992 1178 2135 1272 integra

669 1311 925 1387 conserventur
946 1335 1067 1383 eorum
1091 1334 1155 1405 pro
1172 1333 1325 1404 quorum
1346 1310 1608 1405 gubernatione
1628 1332 1670 1382 ac
1691 1306 1950 1385 sustentatione
1974 1309 2135 1387 concessa

669 1450 752 1523 sunt
769 1448 891 1522 usibus
918 1450 1134 1523 omnimodis
1159 1448 1349 1544 profutura
1390 1445 1500 1520 Salva
1524 1442 1617 1518 seclis
1641 1444 1837 1541 apostolice
1861 1451 2133 1523 austeritatem

670 1585 869 1682 Dyoocsani
897 1584 1063 1681 Episcopi
1084 1588 1258 1659 canonica
1275 1582 1419 1679 justicia
1461 1582 1503 1655 Si
1528 1606 1601 1675 qua
1616 1584 1728 1679 igitur
1743 1586 1782 1657 in
1798 1585 1961 1659 futurum
1988 1586 2134 1661 ecelesi-

675 1722 784 1798 astica
800 1721 1010 1797 secularisve
1026 1720 1175 1817 persona
1191 1724 1285 1796 hanc
1311 1718 1431 1794 nostre
1447 1716 1714 1793 constitutionis
1733 1724 1902 1818 peginam
1918 1722 2032 1798 sciens
2049 1750 2135 1799 con·

671 1873 728 1934 tra
745 1884 824 1934 enm
843 1870 980 1933 temere
998 1862 1122 1933 venire
1139 1861 1376 1953 temptaverit
1393 1855 1549 1931 secundo
1567 1860 1724 1931 tertiove
1740 1862 1961 1933 commonita
1977 1858 2043 1933 nisi
2062 1862 2135 1935 Re·

672 2012 771 2071 ntum
804 1996 905 2069 suum
937 2020 1095 2092 congrua
1123 1993 1363 2069 satisl'nttione
1392 1996 1590 2067 correxerit
1619 1991 1808 2089 potcstatis
1836 1995 2052 2091 honorisque
2082 1997 2135 2071 sai

672 2144 793 2208 careat
810 2136 988 2229 dignitate
1007 2133 1195 2227 Reamqus
1212 2131 1250 2205 se
1266 2133 1389 2205 (lirino
1399 2132 1538 2225 judicio
1552 2130 1708 2205 existere
1720 2133 1766 2205 de
1778 2144 1986 2227 perpetrata
2002 2138 2134 2230 iniqui·
2271 2188 2283 2207 .

672 2283 749 2345 tate
767 2268 958 2366 cognoscat
984 2280 1022 2343 et
1039 2295 1062 2343 a
1077 2266 1308 2343 sacratissimo
1333 2292 1481 2363 corpore
1498 2293 1541 2342 ac
1567 2267 1741 2367 sanguine
1765 2272 1825 2343 dei
1842 2280 1881 2343 et
1898 2273 2037 2345 domini
2064 2273 2136 2347 Re·

674 2412 871 2503 demptoris
887 2405 996 2481 nostri
1015 2406 1114 2481 ihesu
1140 2407 1262 2481 christi
1288 2408 1406 2481 eliens
1422 2406 1487 2477 fiat
1503 2443 1512 2462 ·
1528 2415 1639 2498 atque
1655 2408 1694 2479 in
1712 2418 1877 2480 extremo
1893 2412 2061 2483 examine
2082 2412 2136 2483 di·

673 2545 792 2619 striee
805 2545 980 2641 subjaciat
992 2547 1126 2619 ulcioni
1146 2547 1296 2619 Cunscis
1313 2555 1437 2619 nutem
1453 2545 1573 2615 eidem
1590 2542 1671 2615 loco
1683 2540 1746 2617 sun
1755 2546 1841 2639 jura
1853 2542 2078 2621 servantibus
2089 2545 2135 2621 sit

674 2708 744 2779 pex
764 2684 900 2755 domini
914 2680 1024 2755 nostri
1042 2680 1142 2755 ihesu
1155 2680 1277 2755 christi
1291 2685 1462 2777 quatinus
1475 2689 1513 2755 et
1529 2682 1589 2755 hic
1606 2682 1762 2754 fructum
1780 2684 1877 2757 bone
1889 2686 2040 2759 actionis
2057 2710 2136 2781 per·

675 2823 810 2914 cipiunt
824 2830 862 2893 et
880 2821 973 2915 apud
988 2817 1187 2893 districtum
1205 2819 1373 2893 Judioem
1386 2820 1524 2914 premia
1540 2828 1667 2891 eterne
1684 2822 1782 2914 pacis
1799 2822 1988 2895 inveniant
2000 2822 2134 2895 Amen.

807 3094 887 3191 Ego
905 3094 1143 3168 Innocentius
1162 3094 1341 3169 catholice
1359 3089 1520 3167 Ecclesie
1537 3092 1747 3189 Episcopus.

809 3232 886 3326 Ego
905 3229 1112 3327 Stephanus
1132 3230 1205 3303 sce
1223 3230 1343 3303 Marie
1359 3232 1605 3303 transtiberim
1623 3232 1722 3304 tituli
1740 3232 1802 3307 sci
1823 3234 1962 3307 Calixti
1980 3234 2154 3330 presbiter

908 3368 1108 3441 cardinalis.

810 3504 889 3602 Ego
915 3506 1025 3577 frater
1049 3504 1236 3577 lohannes
1261 3504 1362 3577 tituli
1387 3504 1451 3577 Sci
1474 3503 1664 3599 Laurencij
1691 3508 1729 3577 in
1755 3505 1853 3580 luciii
1878 3506 2054 3603 presbiter
2079 3536 2155 3584 car-

860 3641 999 3715 dinalis.
1085 3697 1089 3706 .

811 3778 891 3875 Ego
909 3780 1021 3855 frater
1037 3778 1148 3875 Hugo
1166 3778 1268 3852 tituli
1286 3780 1358 3853 See
1375 3776 1499 3851 sabine
1515 3775 1690 3873 presbiter
1707 3781 1907 3853 cardinalis.

679 3920 758 4014 Ego
776 3917 985 4013 Raynnldus
1010 3914 1134 3989 ostien.
1153 3925 1191 3989 et
1210 3916 1397 3988 velletren.
1416 3914 1527 4010 Epris.
1578 3915 1659 4013 Ego
1685 3918 1891 4013 Stephanus
1913 3918 2139 4013 prenestinus

680 4056 791 4150 Epire.
843 4053 922 4151 Ego
940 4054 1116 4127 Ricardus
1134 4052 1196 4126 8ὄί
1213 4052 1349 4149 Angeli
1376 4054 1546 4127 diaconus
1564 4055 1767 4127 cardinalis.
1819 4056 1898 4152 Ego
1916 4055 2139 4133 Oscauianus

681 4196 752 4266 sce
770 4192 889 4265 Marie
906 4195 944 4265 in
970 4195 1028 4265 via
1045 4192 1120 4264 lata
1136 4193 1307 4263 diaconus
1332 4190 1532 4265 cardinalis.
1585 4190 1664 4287 Ego
1691 4192 1822 4266 Petras
1839 4194 1901 4267 8ὄί
1927 4195 2074 4292 Georgij
2091 4199 2138 4270 ad

681 4328 802 4399 velum
819 4326 986 4400 Aureum
1004 4330 1175 4401 diaconus
1192 4328 1393 4400 cardinalis.
1445 4327 1525 4424 Ego
1541 4325 1657 4401 Joiles
1674 4332 1736 4401 sci
1755 4330 1925 4404 Nicholai
1943 4334 1981 4403 in
1998 4358 2140 4407 carcerc

681 4464 848 4537 Tulliano
866 4464 1038 4537 diaconus
1055 4463 1256 4537 cardinalis.
1296 4463 1375 4560 Ego
1392 4463 1602 4538 Ottobonus
1620 4466 1682 4541 sci
1700 4467 1854 4539 Adriani
1878 4470 2141 4543 diaconuscar·

683 4600 822 4673 dinalis.
875 4600 961 4672 Dat.
990 4599 1158 4674 Lateran.
1180 4625 1246 4695 per
1266 4624 1415 4674 manum
1433 4598 1550 4674 Gailli
1576 4600 1735 4697 magistri
1753 4601 1954 4677 scholaram
1981 4628 2140 4699 parmen.

683 4740 753 4811 sce
786 4737 950 4811 Romane
976 4734 1124 4810 ecclesie
1150 4739 1431 4812 vicecancellarii
1482 4738 1648 4832 Septimo
1672 4738 1723 4809 kl.
1751 4741 1918 4835 februarij
1949 4743 2144 4817 indistione

683 4878 733 4970 xij
753 4876 1011 4949 incarnacionis
1029 4875 1209 4947 dominice
1225 4876 1390 4970 ccciiij.
1415 4862 1648 4970 pontificatus
1675 4900 1759 4949 vero
1777 4879 1912 4950 domini
1940 4878 2141 4975 Innocentij

686 5038 777 5108 pape
796 5016 912 5106 quarti
930 5036 1025 5087 anno
1043 5012 1246 5085 undecimo.
