4917 6509
333 841 420 897 aae.
435 842 546 897 anax.
561 844 602 895 11.
738 824 776 897 S.
803 822 1102 899 TRINITATIS
1130 824 1200 899 DE
1226 823 1373 901 SCON.

334 1155 444 1231 Carta
460 1158 614 1233 Galfridi
632 1160 678 1233 de
695 1160 909 1235 liberatione
926 1161 1077 1236 alerieus
1095 1164 1140 1235 da
1158 1165 1264 1237 terris
1279 1166 1319 1237 in
1335 1164 1556 1239 Claemaaan
1572 1176 1642 1237 to‘.

260 1440 307 1512 aa
333 1408 527 1508 Omnibus
554 1436 618 1507 aas
649 1436 791 1511 atara
825 1435 949 1511 aruns
984 1439 1041 1511 ver
1075 1438 1253 1511 audituris
1287 1428 1472 1513 eneruis
1501 1440 1547 1513 aa
1576 1440 1788 1514 liberatione

333 1571 482 1645 alericus
500 1574 636 1646 domini
653 1576 747 1670 regis
764 1573 915 1649 salutem
933 1577 970 1649 in
989 1577 1133 1649 domino
1186 1574 1343 1647 Noverit
1367 1572 1579 1651 universitas
1595 1575 1712 1651 vestra
1728 1600 1788 1651 me

331 1706 463 1783 dedisse
489 1708 690 1785 eonceffill'e
715 1722 755 1787 et
779 1714 847 1789 hae
872 1722 972 1789 carta
994 1737 1076 1787 mea
1103 1709 1324 1787 confirmasse
1350 1712 1431 1786 Deo
1458 1724 1498 1787 et
1524 1712 1715 1789 saoristme
1741 1716 1788 1789 de

328 1846 448 1921 Seoaa
463 1858 577 1923 terrm
595 1872 683 1944 quas
700 1851 866 1925 dominus
878 1851 1091 1925 Alexander
1106 1851 1189 1925 Rex
1207 1849 1332 1924 Sootie
1348 1848 1495 1925 illustris
1511 1854 1621 1927 miehi
1638 1856 1678 1927 in
1690 1854 1786 1926 villis

327 1987 373 2059 de
391 1985 611 2061 Cleomenen
628 1997 667 2061 et
685 1990 730 2061 de
748 1987 969 2063 Dunkelden
987 1998 1026 2063 et
1043 1990 1089 2062 de
1107 1988 1227 2063 Soona
1252 1998 1292 2063 et
1316 1990 1363 2063 de
1388 1988 1564 2086 Invernys
1580 1992 1732 2067 donauit
1747 2002 1787 2064 et

326 2146 437 2197 unam
460 2133 600 2219 petram
618 2149 825 2220 essequam
849 2127 949 2201 idem
974 2128 1140 2201 dominus
1164 2150 1231 2199 rex
1255 2128 1364 2203 miehi
1391 2129 1493 2201 dedit
1516 2131 1784 2226 peroipieadarn

329 2261 367 2331 in
384 2260 498 2355 burgo
515 2258 577 2334 suo
593 2262 640 2335 de
657 2262 821 2337 Abirden
839 2265 1009 2339 dedomo
1026 2286 1097 2357 que
1114 2265 1184 2339 suit
1201 2265 1355 2338 Roberti
1373 2266 1419 2339 de
1436 2265 1643 2340 bardenia
1659 2290 1785 2361 puram

328 2407 366 2469 et
383 2406 593 2491 perpetuam
619 2396 850 2473 elemosinam
867 2401 913 2475 nd
929 2398 1228 2481 sustentationem
1253 2404 1407 2475 duorum
1431 2427 1617 2479 aereorum
1642 2406 1682 2476 in
1706 2426 1786 2499 per·

328 2545 479 2629 petuam
496 2537 542 2608 ad
559 2534 695 2611 millam
713 2536 844 2611 Sanus
863 2537 983 2612 Marie
1000 2541 1037 2611 in
1055 2537 1205 2615 ecelesia
1229 2542 1275 2613 de
1298 2540 1419 2615 Scene
1442 2564 1507 2636 pro
1531 2540 1648 2616 salute
1663 2544 1784 2626 anime
1859 2522 1865 2535 ⁸

329 2670 486 2766 ejusdem
512 2674 623 2772 Regis
647 2673 849 2749 Alexandri
900 2677 945 2751 In
971 2680 1074 2773 eujus
1098 2680 1152 2751 rei
1177 2676 1424 2753 testimonium
1447 2677 1591 2774 presens
1613 2678 1785 2776 seriptum

329 2808 434 2907 sigilli
450 2814 523 2887 mei
540 2814 741 2888 munimine
757 2814 919 2887 roboravi
971 2814 1106 2891 Valete
1123 2820 1161 2891 ia
1178 2818 1326 2891 domino

328 3087 440 3161 Carta
456 3087 649 3161 Willielmi
664 3088 799 3161 Blandi
818 3088 863 3161 de
880 3088 975 3164 tofto
988 3092 1026 3163 ia
1044 3090 1140 3165 Saoa
1157 3130 1166 3148 ·

259 3366 304 3439 94
331 3339 524 3439 Omnibus
541 3360 603 3459 xpi
619 3364 760 3458 fidelibp
777 3366 845 3438 hoa
862 3362 1034 3460 seriptum
1051 3365 1179 3439 visuris
1197 3368 1254 3440 vel
1279 3368 1455 3440 audituris
1473 3407 1481 3426 ·
1501 3365 1602 3441 Wlls
1618 3366 1785 3441 Blandus

328 3487 456 3587 esaum
472 3515 511 3585 in
528 3512 601 3587 diro
619 3514 721 3587 Salm
739 3551 748 3571 ·
766 3486 886 3587 Nolito
903 3489 1078 3589 vniilfitas
1095 3518 1159 3589 via
1176 3517 1222 3589 de
1239 3515 1412 3590 consensu
1434 3516 1626 3613 Reginaldi
1644 3518 1785 3589 heredis

328 3656 401 3726 mei
417 3667 444 3724 ‘t
459 3652 557 3740 adua
580 3652 722 3740 liberor
747 3675 855 3739 meon
882 3654 1005 3727 diuine
1030 3641 1178 3748 pietatis
1200 3656 1338 3727 intuitu
1354 3667 1381 3726 u
1395 3678 1424 3746 p
1439 3653 1555 3728 salute
1579 3652 1638 3727 aie
1661 3664 1785 3727 meet

329 3785 495 3878 adeelsop
521 3812 630 3877 meaa
646 3813 705 3863 me
723 3786 855 3863 dedisse
879 3787 1082 3863 eonooffilse
1097 3804 1123 3861 ‘t
1138 3793 1206 3865 lrao
1224 3801 1324 3865 carta
1339 3815 1421 3865 mea
1436 3789 1658 3865 confirmasse
1674 3794 1742 3865 deo
1758 3804 1784 3863 u

330 3928 442 4003 aeolio
459 3931 520 4001 ade
536 3930 710 4001 trinitatis
728 3929 773 4000 de
790 3926 886 4001 Sooii
899 3966 907 3985 ·
920 3940 947 3999 u
959 3928 1127 4001 Gandiois
1143 3928 1211 4003 deo
1230 3928 1373 4001 Ibidem
1388 3932 1427 4001 in
1444 3937 1584 4027 ppetm’r
1601 3900 1783 4023 saltatim

330 4078 356 4135 ‘t
373 4036 525 4139 &aitaris
535 4066 572 4137 ia
598 4076 768 4159 puram‘t
792 4076 967 4162 ppetaam
992 4060 1186 4139 elemosinis
1202 4070 1277 4133 und
1294 4064 1429 4135 toftum
1446 4064 1485 4141 in
1503 4062 1590 4134 villa
1614 4064 1660 4135 de
1683 4062 1783 4137 soon

330 4204 378 4298 qd
396 4200 449 4276 est
464 4204 660 4297 ppinquius
678 4202 772 4274 tosto
789 4202 910 4277 Dauid
928 4204 975 4275 da
990 4203 1083 4297 haya
1106 4222 1153 4273 ex
1170 4210 1235 4295 pte
1260 4199 1454 4292 aquilonali
1476 4238 1486 4257 ·
1504 4200 1612 4285 Quod
1637 4201 1783 4293 quidem

329 4341 466 4413 toltum
481 4336 629 4413 illustria
646 4338 713 4411 dns
725 4362 829 4412 meus
842 4338 941 4413 Aleii
956 4380 965 4399 ·
979 4338 1061 4413 Rex
1079 4334 1169 4411 Seni
1186 4337 1356 4410 miehit
1371 4336 1540 4430 heredib3
1551 4337 1644 4410 meis
1659 4337 1782 4411 dedit·

317 4477 578 4553 *Tenendnmt
593 4472 740 4549 haband
756 4475 803 4548 de
818 4500 879 4549 me
892 4488 918 4547 ’c
929 4476 1097 4571 heredib3
1108 4476 1199 4549 meis
1216 4476 1306 4547 meo
1322 4473 1436 4547 libere
1448 4475 1572 4569 quiete
1585 4515 1595 4533 ·
1608 4454 1717 4569 plene
1732 4514 1742 4533 ·
1757 4488 1783 4545 a

329 4616 523 4690 honorifice
552 4611 603 4688 fio
630 4622 729 4687 carta
754 4612 818 4686 diii
849 4612 962 4710 Regis
990 4614 1099 4687 michi
1126 4594 1211 4685 inde
1245 4612 1409 4685 masobia
1436 4612 1580 4707 plenius
1605 4610 1782 4685 testatur·

328 4752 449 4840 Quam
466 4754 612 4847 quidem
638 4760 774 4825 cartam
793 4750 865 4823 diio
890 4750 990 4825 Aoni
1005 4762 1032 4823 ‘t
1048 4751 1258 4825 Conuentui
1282 4752 1329 4822 de
1352 4750 1451 4823 Seoir
1471 4752 1509 4822 in
1525 4732 1672 4847 fiseneia
1693 4723 1783 4821 rell·

328 4890 433 4965 abilis
445 4892 519 4987 piis
531 4890 640 4963 Galli
652 4886 829 4962 Dunkald
841 4886 912 4986 Epi
928 4889 1079 4962 liberaui
1091 4927 1100 4945 ·
1114 4886 1161 4960 In
1174 4888 1254 4961 oui?
1269 4889 1321 4959 rei
1333 4885 1544 4961 testimoniis
1554 4888 1640 4961 huie
1650 4885 1782 4983 seripto

328 5050 398 5102 vna
416 5034 463 5103 air
476 5024 591 5124 sigillo
604 5023 763 5101 eiusdem
776 5023 847 5123 Εῇί
858 5022 977 5123 sigilli
990 5032 1075 5099 meir
1089 5022 1252 5121 Apposui
1268 5022 1401 5099 uolt·
1415 5022 1500 5097 Duo
1513 5024 1597 5098 Rob
1607 5022 1784 5099 menus-
