4917 6509
346 814 433 868 nno.
452 814 563 867 nnnx.
583 814 624 866 11.
762 794 800 867 S.
827 789 1125 865 TRINITATIS
1151 790 1220 863 DE
1248 775 1395 865 sco‘N.
1756 801 1801 872 49

346 994 515 1067 videlieet
540 994 770 1091 quatregintu
794 992 958 1065 denarios
982 992 1028 1063 ud
1057 987 1291 1085 pentecosten
1316 1000 1355 1064 et
1380 994 1609 1088 quatregintu
1634 994 1798 1066 denarios

343 1134 389 1205 ud
405 1129 536 1206 festum
560 1128 671 1205 senui
697 1133 843 1205 mertini
861 1133 899 1203 in
916 1152 1019 1225 yeme
1044 1152 1109 1223 pro
1134 1130 1233 1200 omni
1257 1128 1402 1202 servitio
1419 1139 1458 1203 et
1475 1129 1734 1204 consuetudine
1758 1141 1797 1203 et

344 1271 522 1344 demendo
537 1267 636 1343 seluo
661 1272 740 1343 iure
765 1266 956 1343 cuiussibet
1005 1266 1064 1339 Ite
1089 1277 1212 1341 tamen
1237 1270 1333 1362 quod
1351 1265 1378 1341 fi
1396 1270 1524 1363 aliquis
1550 1272 1721 1344 olemium
1738 1272 1796 1344 vel

342 1408 584 1503 calumpniam
601 1410 639 1480 in
656 1408 752 1481 diua
775 1416 873 1480 terre
897 1428 1040 1478 movere
1057 1404 1212 1477 voluerit
1237 1404 1343 1479 oense
1366 1408 1463 1480 inter
1486 1408 1672 1503 litigantes
1697 1419 1798 1483 mota

341 1570 406 1640 per
422 1549 555 1620 rettum
569 1546 687 1643 legem
702 1556 741 1619 et
756 1541 894 1618 nffisem
904 1554 999 1617 terre
1011 1545 1049 1615 in
1059 1543 1169 1616 Curio
1180 1540 1301 1649 nostre
1312 1545 1422 1617 linem
1436 1546 1598 1617 debitum
1611 1544 1798 1620 sortiretur

342 1682 426 1756 Hiie
443 1682 595 1757 testibus
620 1685 774 1756 dominio
790 1682 955 1757 Galindo
973 1691 1012 1756 et
1028 1681 1219 1755 Clemente
1244 1682 1290 1753 de
1307 1680 1530 1777 Dunkeldyn
1556 1694 1595 1756 et
1621 1686 1667 1757 de
1694 1685 1796 1757 Dun-

341 1821 425 1894 blun
451 1820 636 1917 Episcopis
657 1821 855 1894 Laurentio
881 1822 926 1893 de
943 1820 1139 1893 Abirnethi
1159 1818 1327 1892 Johonne
1352 1830 1391 1891 et
1410 1819 1599 1893 Willelmo
1625 1824 1671 1895 de
1689 1822 1796 1917 Heye

339 1958 530 2032 Willelmo
548 1961 593 2033 ‹le
609 1958 723 2031 Bosoo
741 1958 919 2031 Dunoano
945 1968 984 2031 et
1009 1956 1158 2030 Sibuldo
1182 1955 1266 2028 filiis
1284 1954 1442 2029 Wolteri
1460 1957 1620 2053 Symone
1640 1962 1686 2033 de
1704 1958 1793 2055 Nyii

339 2096 515 2194 Magistro
531 2096 654 2171 Adum
679 2098 725 2169 de
743 2091 1004 2170 Meleeruester
1028 2091 1204 2191 Magistro
1231 2094 1390 2191 Symone
1416 2096 1461 2168 de
1479 2096 1689 2194 Camiwytll
1712 2099 1795 2172 Mu-

337 2230 476 2331 gistro
460 2238 568 2333 ynoie
579 2234 740 2339 Henri'eo
753 2234 828 2307 filio
839 2234 994 2308 Gulfridi
1004 2234 1029 2307 J
1030 2233 1141 2307 eoobo
1155 2234 1200 2305 de
1215 2232 1364 2307 Neuilla
1374 2234 1529 2307 Riourdo
1543 2238 1589 2309 de
1602 2234 1795 2332 Leyeester

339 2370 514 2468 Magistro
531 2364 669 2447 Thomu
685 2374 732 2446 de
748 2375 833 2456 mur
849 2382 888 2445 et
905 2372 994 2447 eliis.

340 2646 574 2721 Confirmatio
604 2648 737 2745 Rogeri
772 2650 818 2721 de
847 2647 980 2733 Quinoi
1015 2648 1157 2721 comitis
1186 2645 1380 2721 Wintonie
1413 2648 1459 2720 de
1494 2658 1590 2722 terrn
1622 2673 1694 2744 que
1724 2652 1794 2725 fuit

339 2783 519 2859 Willelmi
537 2788 584 2859 de
601 2786 691 2861 Len.

268 3068 315 3135 80
344 3036 542 3137 Univeriie
564 3059 730 3133 fidelibus
754 3062 819 3133 hus
843 3059 984 3133 litterae
1002 3057 1127 3132 visuris
1145 3060 1203 3133 vel
1220 3060 1398 3134 audituris
1416 3060 1581 3158 Rogemus
1597 3064 1643 3135 de
1660 3063 1793 3149 Quinoi

337 3220 459 3273 eomes
489 3196 681 3271 Wintonie
710 3194 1004 3271 constabularius
1031 3196 1154 3269 Sootie
1182 3196 1334 3270 salutem
1398 3197 1554 3271 Noverit
1583 3197 1794 3274 universitas

339 3334 455 3409 vestre
470 3358 536 3407 nos
553 3331 754 3409 conoeilille
771 3344 809 3409 et
826 3336 894 3409 heo
918 3332 1075 3431 presenti
1101 3344 1201 3407 curte
1225 3332 1346 3407 nostre
1369 3333 1590 3409 oonfirmeile
1606 3338 1730 3412 abbati
1747 3340 1793 3411 de

339 3474 459 3549 Scene
475 3482 513 3545 et
530 3474 710 3546 eunonioie
735 3474 869 3547 ibidem
888 3472 968 3545 Deo
992 3470 1228 3545 servientibus
1252 3481 1293 3543 et
1316 3470 1500 3547 servituris
1522 3476 1561 3545 in
1577 3486 1794 3571 perpetuum

340 3623 474 3685 terrem
499 3634 570 3707 que
587 3610 768 3705 quondam
794 3611 864 3683 fuit
882 3609 1062 3682 Willelmi
1080 3610 1125 3683 de
1144 3609 1223 3683 Len
1241 3612 1280 3681 in
1296 3609 1384 3683 villo
1399 3612 1445 3683 de
1463 3610 1575 3684 Perth
1593 3615 1638 3686 ud
1656 3613 1794 3690 consta-

340 3749 517 3823 billerium
535 3748 659 3822 Sootie
683 3750 928 3843 pertinentem
954 3768 1063 3840 quem
1079 3748 1195 3819 dittus
1212 3746 1425 3821 Willelmus
1450 3751 1503 3822 eie
1528 3752 1684 3824 eontulit
1701 3750 1793 3826 siout

340 3891 377 3959 in
395 3898 494 3960 oeno
510 3886 660 3982 prediffi
678 3885 858 3959 Willelmi
884 3887 987 3960 dietis
1013 3885 1194 3959 eenonieie
1219 3885 1306 3957 inde
1329 3888 1493 3959 consentu
1517 3888 1660 3981 plenius
1676 3896 1792 3963 eonti-

340 4036 448 4097 netur
464 4034 503 4098 et
519 4020 611 4097 ilout
629 4033 729 4097 curte
744 4024 858 4097 Alani
874 4022 938 4119 filij
957 4022 1112 4097 Rolundi
1139 4022 1234 4095 bone
1258 4027 1432 4098 memorie
1456 4028 1638 4120 quondam
1654 4025 1792 4101 consta-

339 4162 456 4236 bilnrii
474 4161 601 4235 Seooie
621 4162 781 4257 preditto
798 4160 988 4236 Willelmo
1005 4161 1090 4234 inde
1106 4160 1272 4235 oonieau
1295 4162 1434 4254 prefato
1453 4162 1644 4236 Willelmo
1668 4166 1792 4263 plene·

340 4303 476 4375 neriam
507 4301 662 4375 faciendi
692 4296 884 4397 effignutos
913 4299 1070 4374 eontulit
1098 4294 1317 4392 potestatem
1342 4320 1392 4393 up
1418 4308 1551 4372 terrum
1578 4298 1678 4375 illam
1705 4327 1789 4376 oum

339 4439 446 4511 domo
473 4436 645 4534 lapidee
634 4462 674 4510 1n
694 4440 774 4512 vieo
797 4440 860 4532 qui
887 4438 1050 4533 prooedit
1076 4436 1122 4509 de
1148 4459 1281 4531 magne
1296 4438 1356 4509 uie
1383 4436 1583 4531 aquilonari
1611 4444 1789 4515 tendente

339 4574 459 4649 versus
475 4573 628 4649 insulem
644 4576 826 4671 quejeoet
841 4574 1129 4649 interdictum
1096 4594 1217 4647 rreum
1230 4584 1270 4647 et
1282 4597 1412 4668 equam
1429 4576 1475 4649 de
1484 4576 1561 4672 Toy
1572 4602 1621 4673 vp
1640 4580 1786 4653 domum

339 4715 517 4859 lapideam
533 4722 572 4787 et
588 4721 704 4787 totum
721 4722 855 4787 terrem
871 4714 969 4785 inter
992 4708 1105 4807 ipsum
1121 4712 1270 4785 domum
1287 4722 1327 4785 et
1343 4736 1473 4807 uquam
1491 4717 1536 4788 ed
1553 4660 1708 4789 eandem
1724 4721 1788 4790 do-

337 4875 437 4925 ιιιιιιιι
455 4852 699 4946 pertinentem
717 4861 755 4925 et
771 4850 963 4971 gardinum
979 4859 1084 4924 extro
1108 4872 1229 4924 muros
1248 4851 1294 4923 de
1310 4849 1423 4924 Perth
1443 4855 1539 4946 quod
1564 4856 1724 4947 pertinet
1739 4858 1786 4928 od

337 4990 534 5085 prodieram
544 4998 678 5063 terrum
707 4990 858 5085 predrttr
868 5011 954 5063 vero
963 5012 1127 5063 onnomou
1117 4987 1280 5061 nullum
1291 4989 1462 5063 olemrum
1474 4991 1531 5063 vel
1545 4991 1786 5087 calumpniam

1052 5142 1078 5196 o
