4917 6509
660 794 706 861 36
1165 791 1323 865 LIBER
1348 792 1596 869 ECCLESIE
1706 784 1711 791 ’
1944 818 2021 870 sec.
2039 818 2110 869 xii.

659 990 900 1085 tlienagiode
926 988 1156 1084 Dulmonych
1182 995 1292 1065 etde
1319 1002 1398 1066 toto
1425 993 1609 1103 theinagio
1636 996 1683 1067 de
1711 994 1936 1067 Fandusuith
1963 1008 2002 1068 et
2029 1019 2114 1067 cum

660 1126 806 1220 capellis
827 1122 900 1198 istis
919 1126 1104 1223 Kylkemy
1121 1127 1378 1225 Dunsoluntyn
1404 1128 1586 1228 Kilcalsyn
1603 1131 1817 1206 Kilmichell
1842 1132 1887 1205 de
1908 1132 2115 1205 'l'ulichmat

660 1276 697 1335 ot
719 1264 885 1335 omnibus
910 1264 955 1336 ed
981 1263 1122 1338 easdem
1149 1266 1306 1360 capellas
1331 1272 1599 1361 pertinentibus
1623 1282 1662 1344 et
1687 1272 1823 1343 toltum
1840 1295 1955 1344 unum
1981 1274 2018 1343 in
2036 1294 2116 1365 pre-

659 1404 733 1475 fato
760 1402 888 1497 Logyn
914 1426 996 1475 cum
1023 1377 1206 1476 communi
1232 1402 1376 1499 pastura
1400 1403 1491 1479 sicut
1507 1410 1546 1479 in
1563 1418 1664 1479 carte
1687 1409 1830 1479 comitis
1855 1406 2008 1480 Henrici
2030 1408 2115 1479 inde

658 1542 751 1613 satta
792 1544 1000 1613 continetur
1031 1543 1207 1635 prefatam
1250 1540 1393 1639 insuper
1425 1541 1612 1617 ecclesiam
1645 1567 1728 1618 cum
1762 1546 1928 1618 omnibus
1969 1546 2117 1617 rectitu-

659 1680 802 1750 dinibus
833 1688 871 1751 et
900 1682 1130 1772 pertinentiis
1160 1678 1231 1751 suis
1265 1690 1304 1752 et
1333 1682 1481 1776 capellis
1514 1684 1773 1778 prenominatis
1806 1691 1845 1755 et
1878 1706 2001 1755 earum
2036 1706 2117 1776 per·

659 1819 823 1888 tinentiis
852 1818 990 1909 prefato
1020 1818 1142 1892 abbati
1168 1828 1207 1891 et
1233 1822 1413 1892 canonicis
1438 1822 1476 1891 in
1506 1823 1668 1915 proprios
1697 1818 1781 1893 usus
1810 1819 1890 1893 suos
1918 1822 2046 1893 damus
2077 1830 2116 1891 et

659 1954 912 2024 continuamus
962 1951 1079 2025 Salvis
1096 1952 1355 2047 episcopalibus
1372 1952 1500 2029 nostrie
1548 1953 1713 2030 'festibus

663 2229 774 2300 Carta
792 2226 970 2300 Willelmi
990 2228 1108 2301 Vniot
1126 2230 1171 2301 de
1187 2227 1325 2324 septem
1342 2233 1434 2303 acris
1451 2240 1557 2303 terre.

589 2508 633 2576 56
665 2482 860 2579 Universis
876 2502 995 2577 sandce
1013 2506 1138 2578 matris
1156 2504 1305 2579 ecclesie
1329 2506 1413 2579 filiis
1435 2507 1575 2580 clericis
1592 2516 1632 2579 et
1648 2506 1749 2579 laicis
1766 2504 1979 2579 Willelmus
1998 2505 2115 2579 Vniot

658 2643 809 2715 salutem
861 2641 988 2714 Solent
1005 2640 1189 2735 presentes
1206 2652 1246 2713 et
1262 2644 1376 2715 futuri
1393 2666 1453 2717 me
1470 2641 1603 2716 dedisse
1619 2654 1659 2729 et
1675 2639 1878 2717 conceffiffe
1894 2654 1933 2715 et
1949 2644 2017 2717 hac
2034 2668 2117 2717 mea

658 2790 757 2852 carta
774 2774 992 2853 confirmasse
1010 2777 1091 2850 Deo
1109 2787 1147 2850 et
1165 2776 1313 2853 ecclesie
1329 2780 1439 2854 sandi
1457 2781 1651 2855 Michaelis
1668 2783 1714 2854 de
1731 2780 1852 2855 Scene
1873 2790 1912 2854 et
1934 2785 2116 2855 canonicis

657 2919 792 2989 ibidem
810 2917 890 2989 Deo
907 2916 1145 2989 servientibus
1162 2926 1200 2989 et
1215 2915 1400 2993 servituris
1417 2918 1556 3014 septem
1572 2943 1673 2992 acras
1689 2930 1786 2993 terre
1809 2922 1848 2992 in
1871 2923 2052 2994 territorio
2069 2922 2115 2992 de

661 3053 881 3127 Inueremun
908 3057 946 3125 in
969 3052 1048 3149 Thy
1065 3054 1154 3127 lieth
1179 3052 1316 3129 scilicet
1348 3058 1394 3131 ab
1421 3057 1536 3131 insula
1560 3082 1632 3152 que
1656 3056 1747 3130 solet
1771 3058 1849 3131 fieri
1883 3057 2045 3131 ducllum
2071 3060 2117 3129 dc

658 3192 775 3265 Scene
800 3191 920 3265 versus
946 3193 1152 3285 aquilonem
1169 3203 1208 3266 et
1224 3163 1339 3268 urium
1356 3205 1434 3269 rete
1451 3197 1490 3267 in
1507 3196 1595 3289 they
1612 3196 1674 3267 ubi
1691 3196 1805 3291 magis
1822 3196 1874 3267 eis
1897 3204 2116 3289 oportunum

658 3331 768 3403 suerit
786 3332 823 3401 in
840 3330 1068 3427 longitudine
1084 3332 1235 3427 predicti
1255 3334 1425 3428 territorij
1452 3336 1497 3406 de
1524 3332 1745 3405 Inueramnn
1771 3356 1794 3403 a
1817 3332 1978 3427 predicte
2001 3330 2117 3404 insula

657 3468 768 3565 usque
785 3473 831 3544 ad
848 3481 953 3544 vetus
971 3496 1081 3544 amun
1098 3475 1135 3545 in
1153 3472 1305 3545 liberam
1322 3483 1361 3545 et
1378 3481 1591 3567 perpetuam
1608 3467 1839 3543 elemosinam
1887 3469 2048 3544 Tenend.
2069 3472 2116 3541 de

657 3632 717 3680 nie
734 3620 772 3679 et
790 3610 983 3683 heredibus
1003 3611 1094 3683 ineis
1119 3612 1173 3683 ite
1197 3610 1311 3684 libere
1336 3620 1375 3683 et
1400 3611 1523 3702 quiete
1548 3618 1587 3681 et
1612 3606 1808 3680 honorilice
1833 3608 1872 3678 in
1897 3615 2115 3701 perpetuum

657 3746 789 3839 absque
807 3750 905 3819 omni
920 3749 1128 3843 gravamine
1145 3758 1183 3820 et
1200 3748 1389 3820 exactione
1414 3745 1506 3819 licut
1522 3746 1643 3839 alique
1659 3745 1787 3816 domus
1810 3742 1993 3840 religionis
2011 3753 2114 3815 tenet

657 3884 814 3978 aliquam
848 3882 1078 3959 elemosinam
1104 3886 1252 3961 liberius
1285 3896 1325 3959 et
1352 3888 1510 3979 quietius
1537 3895 1575 3957 et
1601 3880 1895 3955 honorificentius
1922 3882 1967 3953 ab
1994 3881 2115 3975 aliquo

658 4021 774 4095 milite
799 4026 837 4095 in
863 4032 941 4097 toto
964 4048 1076 4120 regno
1101 4024 1213 4121 Regis
1239 4023 1363 4098 Scotie
1413 4022 1497 4097 Hiis
1522 4018 1672 4095 testibus
1699 4021 1852 4094 Matheo
1878 4018 2042 4115 episcopo
2069 4024 2114 4093 de

658 4158 822 4233 Abirden
838 4160 863 4232 J
865 4162 1007 4236 ohanne
1024 4160 1187 4259 episcopo
1205 4164 1252 4236 de
1268 4160 1491 4237 Dunkelden
1509 4168 1548 4232 et
1563 4158 1690 4231 multis
1706 4159 1796 4231 eliis.
2083 4148 2088 4157 ’

659 4434 863 4509 Consentio
882 4439 927 4511 de
945 4439 1121 4514 limitibus
1138 4449 1316 4513 terrarum
1333 4439 1379 4511 de
1396 4434 1535 4532 Camsy.

590 4718 636 4789 57
662 4687 830 4790 Noverit
848 4716 958 4787 etiem
976 4723 1051 4787 tam
1069 4712 1253 4809 presentes
1277 4738 1386 4809 quam
1399 4714 1513 4787 futuri
1530 4713 1626 4807 quod
1644 4708 1885 4787 contrauersia
1900 4724 2002 4787 mota
2017 4716 2113 4787 inter

660 4861 828 4932 abbatem
845 4864 884 4928 et
900 4868 1121 4926 conventum
1147 4852 1192 4923 de
1209 4851 1331 4948 Cupio
1348 4876 1395 4925 ex
1411 4862 1514 4947 perte
1531 4873 1602 4925 vna
1626 4858 1666 4924 et
1691 4861 1912 4925 conventum
1930 4852 1976 4924 de
1993 4850 2111 4925 Scona

660 5022 706 5069 cx
724 4996 794 5069 elia
810 4991 914 5088 super
938 4990 1114 5065 limitibus
1140 5000 1316 5065 terrarum
1343 4991 1388 5064 de
1404 4987 1534 5085 Cemsy
1549 4999 1645 5063 terre
1670 5012 1903 5063 monacorum
1928 4991 1975 5063 de
1992 4989 2113 5087 Cupio
