4917 6509
340 833 620 889 ane.rnnx.11.
749 812 786 885 S.
815 811 1113 887 TRINITATIS
1138 812 1209 887 ΒΕ
1235 812 1382 889 SCON.
1753 824 1799 891 43

339 1148 574 1225 Confirmatio
590 1150 792 1225 Alexandri
810 1150 921 1247 Regis
938 1153 985 1225 de
1001 1174 1074 1223 uno
1091 1151 1185 1224 tofto
1202 1152 1299 1246 apud
1316 1150 1484 1225 Seouam.

267 1420 314 1491 68
339 1403 564 1501 Alexander
580 1426 653 1499 Dei
665 1426 782 1522 gratia
795 1424 878 1499 Rex
893 1424 1103 1499 Scottorum
1138 1424 1319 1500 Omnibus
1331 1428 1452 1521 probis
1464 1428 1669 1501 bominibus
1681 1430 1805 1502 totius

338 1576 435 1639 terre
453 1564 515 1637 sue
528 1565 667 1637 clericis
684 1574 724 1637 et
736 1565 836 1638 laicis
853 1563 1006 1636 salutem
1056 1562 1184 1637 Sciant
1199 1562 1384 1658 presentes
1400 1574 1441 1639 et
1456 1566 1571 1639 futuri
1587 1589 1648 1639 me
1665 1566 1797 1641 dedille

339 1712 378 1776 et
394 1698 596 1775 concellifl'e
622 1711 660 1775 et
684 1703 752 1775 hae
777 1710 877 1775 carta
901 1724 983 1773 mea
1008 1696 1228 1773 coufirmall'e
1254 1700 1417 1774 Roberto
1444 1704 1489 1775 da
1513 1702 1669 1775 Londoii
1693 1706 1795 1785 fratri

337 1862 421 1913 meo
450 1863 566 1913 unum
596 1841 731 1911 toftum
758 1839 854 1934 apud
884 1836 1043 1911 Sceuam
1068 1839 1160 1911 illud
1184 1836 1323 1912 scilicet
1353 1841 1450 1936 quod
1475 1840 1678 1914 Randolius
1702 1844 1796 1916 rice·

338 1999 460 2050 eomes
476 1999 580 2049 mena
596 1979 642 2049 de
659 1975 779 2050 Scono
799 1977 833 2050 ei
849 1976 1000 2050 tradidit
1017 1998 1083 2071 per
1098 1984 1314 2071 preceptum
1334 2000 1458 2051 meum
1496 1978 1656 2052 Tenend.
1675 1975 1740 2052 fibi
1758 1992 1796 2054 et

337 2115 531 2188 heredibus
547 2112 619 2187 suis
636 2116 683 2187 de
698 2137 758 2187 me
776 2124 814 2187 et
830 2114 1024 2187 heredibus
1041 2114 1132 2185 meis
1148 2116 1188 2185 in
1205 2113 1311 2187 feodo
1327 2124 1367 2189 et
1382 2116 1587 2191 hereditate
1604 2114 1667 2191 Ita
1681 2118 1796 2193 libere

336 2261 377 2324 et
405 2255 529 2346 quiete
558 2262 597 2325 et
625 2252 821 2325 honorifice
853 2246 945 2326 ficut
977 2251 1039 2324 alii
1073 2251 1224 2324 barones
1259 2255 1333 2325 mei
1370 2255 1466 2327 tofta
1492 2251 1557 2328 iba
1584 2254 1732 2328 liberius
1757 2266 1796 2329 et

258 2420 262 2425 ·
335 2392 495 2485 quietius
513 2400 552 2463 et
568 2390 864 2465 honorificentius
881 2390 927 2462 de
943 2412 1003 2461 me
1019 2398 1149 2462 teuent
1166 2392 1205 2463 in
1222 2390 1302 2463 aliis
1326 2394 1496 2465 maneriis
1516 2394 1607 2466 meis
1631 2392 1797 2469 'l'estibus

337 2524 400 2600 W.
412 2528 457 2601 de
471 2524 590 2601 Boscli
605 2526 747 2601 cancell
758 2550 840 2600 meo
854 2524 973 2598 Willo
986 2530 1085 2599 cumi
1098 2525 1179 2600 corii
1192 2527 1239 2601 de
1251 2526 1405 2602 Bucban
1414 2528 1439 2601 J
1440 2526 1546 2603 ustio·
1557 2528 1796 2605 scocieWillo

335 2666 381 2739 re
399 2664 532 2739 valon.
559 2635 678 2739 estias
702 2686 785 2737 meo
802 2662 925 2737 unm
948 2660 992 2736 fir
1017 2663 1141 2739 osnes
1166 2665 1332 2739 camno
1356 2666 1432 2739 ouo
1449 2667 1596 2741 arcun
1611 2666 1728 2741 mon
1752 2669 1797 2742 oe

336 2804 484 2877 Lundin
500 2802 635 2877 hostici
684 2802 796 2899 Apud
814 2802 1026 2899 Edinburgh
1045 2812 1173 2897 quarto
1191 2803 1251 2875 die
1267 2802 1417 2899 Aprilis.

337 3078 449 3153 Carta
463 3078 668 3153 Alexandri
685 3078 799 3175 Regis
816 3080 862 3152 de
878 3088 976 3151 terra
991 3078 1037 3151 de
1055 3075 1157 3151 Clen.

268 3348 313 3425 69
338 3330 563 3429 Alexander
596 3353 667 3427 Dei
699 3356 817 3449 gratia
849 3353 932 3425 Rex
962 3351 1175 3426 Scottorum
1226 3352 1408 3427 Omnibus
1436 3354 1558 3448 probis
1590 3354 1796 3429 hominibus

337 3494 451 3567 totius
468 3500 565 3565 terre
580 3488 642 3564 sue
654 3490 808 3565 salutem
825 3490 957 3563 Sciatis
974 3490 1070 3585 quod
1088 3486 1323 3564 concellimua
1338 3488 1480 3563 Abbati
1496 3500 1537 3563 et
1552 3494 1734 3566 canonicis
1749 3494 1796 3566 de

341 3628 440 3705 Sco'ri
453 3639 496 3702 nt
508 3637 643 3701 terram
655 3627 755 3701 suam
770 3628 815 3701 de
826 3626 919 3702 Cleri
935 3628 1094 3701 habeant
1110 3630 1149 3700 in
1161 3626 1388 3702 Warsnnam
1430 3628 1553 3714 Quare
1565 3630 1796 3724 prohibemus

338 3770 491 3843 firmiter
516 3790 564 3841 ne
580 3768 661 3860 quia
685 3768 723 3838 in
749 3766 886 3839 eadem'
900 3776 998 3839 terra
1014 3762 1093 3839 line
1120 3789 1248 3839 eorum
1274 3765 1546 3840 licentiasecet
1561 3777 1627 3841 aut
1642 3778 1797 3841 venetur

338 3904 444 4002 snper
459 3900 616 3979 nostrum
633 3904 831 3999 plenariam
844 3901 1101 3977 ioriffadturam
1116 3904 1243 3977 decem
1256 3904 1428 3978 librarum
1444 3901 1609 3978 'lestibus
1620 3902 1795 4001 Magistro

339 4042 498 4118 Matheo
510 4042 726 4117 cancellario
743 4040 934 4115 Willelmo
951 4040 1085 4114 Gumin
1098 4042 1234 4113 comite
1250 4041 1297 4112 de
1309 4037 1463 4112 Bucban
1479 4034 1672 4111 iusticiario
1683 4036 1795 4113 scotie

338 4182 451 4279 Apud
469 4180 627 4256 Soonam
644 4182 695 4275 xij
713 4180 772 4254 die
790 4178 975 4274 Febmarij
993 4177 1106 4252 Anno
1123 4178 1244 4275 Regni
1262 4177 1399 4250 domini
1415 4178 1511 4272 regis
1527 4175 1600 4269 xvj.

336 4460 449 4535 Carta
464 4457 667 4534 Alexandri
685 4456 797 4554 Regis
814 4458 860 4529 de
876 4457 1100 4552 protectione
1116 4492 1125 4513 ·

268 4744 315 4818 70
338 4714 451 4813 Alea
464 4740 523 4811 dei
536 4738 600 4835 gia
612 4734 695 4810 Rex
708 4732 814 4809 Scott
826 4772 835 4791 ·
846 4731 1026 4807 Omnibus
1038 4730 1160 4828 probis
1172 4728 1377 4803 hominibus
1388 4728 1511 4803 tocius
1520 4726 1792 4803 tenesuo‘salta

339 4878 471 4953 Sciatis
496 4896 563 4948 nos
592 4874 783 4948 canonicos
806 4872 853 4945 de
881 4868 980 4944 soon
995 4882 1047 4941 οἳ
1072 4892 1144 4959 eoa
1168 4866 1367 4941 seruientes
1396 4868 1566 4963 ubicunq,
1593 4866 1730 4939 fuerint
1754 4869 1792 4939 in

340 5016 469 5113 Regno
493 5014 560 5087 nio
584 5032 648 5108 pro
672 5006 831 5108 negociis
856 5011 985 5082 domus
1006 5006 1069 5083 sue
1094 5004 1302 5104 expedienti
1319 5045 1327 5064 ·
1342 5004 1408 5080 sub
1432 5006 1535 5079 firma
1558 5017 1690 5102 pacet
1713 5028 1793 5100 pro·
