4917 6509
359 861 445 913 aaa.
465 862 550 913 wm.
765 838 803 913 S.
829 836 1127 912 'PRINITATIS
1153 838 1224 912 DE
1251 839 1397 914 SCON.
1657 934 1663 953 ἢ
1772 848 1818 914 95

355 1042 432 1112 eius
449 1036 614 1113 seruiens
632 1040 796 1111 inuenire
813 1009 913 1135 polit
938 1046 984 1111 cir
1003 1036 1152 1111 lawcs‘t
1175 1046 1220 1113 cir
1239 1039 1372 1112 herbcs
1381 1040 1427 1112 ad
1443 1011 1527 1112 iras
1537 1041 1642 1113 abbie
1658 1041 1705 1112 de
1722 1039 1819 1112 Scon

354 1178 546 1271 ptinentcs
552 1180 566 1251 l
594 1176 660 1251 col
677 1174 769 1251 iusto
786 1176 881 1273 absq
901 1176 1075 1249 dilatione
1100 1176 1233 1250 habeat
1250 1215 1258 1232 ·
1278 1175 1392 1249 Null9
1408 1179 1495 1273 itaq
1510 1177 1666 1273 qmq‘m
1683 1178 1818 1251 exiliis

355 1317 388 1388 ci
413 1314 544 1389 iniuste
570 1316 733 1389 detineat
758 1314 822 1413 sup
848 1314 952 1387 firma
976 1310 1182 1387 defenfionc
1207 1319 1290 1386 mea
1312 1325 1339 1384 *t
1362 1312 1584 1389 foriliadtura
1608 1323 1691 1389 mea
1715 1357 1723 1372 ·
1748 1317 1780 1389 Τ
1807 1360 1816 1376 ·

355 1451 462 1525 Audi
487 1450 554 1549 epo
572 1492 581 1509 ·
599 1455 644 1525 de
670 1452 777 1527 cateii
802 1491 810 1508 ·
837 1452 949 1525 Nicoi
974 1446 1139 1524 cancell·
1158 1420 1291 1522 Walio
1316 1450 1358 1522 fil
1383 1451 1494 1525 Alani
1520 1450 1638 1549 dafro-
1663 1450 1816 1531 matheo

356 1590 551 1664 Archidiab
569 1630 576 1647 ·
595 1589 684 1686 Apd
702 1588 956 1663 Dunfermelin
973 1629 1005 1709 ··

355 1862 466 1937 Garta
485 1864 667 1938 Willelnri
686 1865 797 1961 Regis
814 1864 860 1937 de
878 1860 1045 1936 Roualdo
1063 1861 1317 1949 Maemalmur,
1336 1861 1401 1936 &a
1443 1878 1448 1895 ‘

285 2134 333 2207 37
357 2112 584 2211 Willelmus
600 2137 672 2211 Dei
689 2140 806 2233 gratia
823 2136 906 2209 Rex
924 2130 1145 2221 Scottorum,
1163 2138 1330 2210 omnibus
1348 2134 1468 2231 probis
1480 2121 1687 2213 hominibus
1700 2144 1814 2215 totius

354 2288 451 2351 terre
467 2277 530 2349 sue
548 2276 687 2349 clericis
704 2286 742 2349 et
759 2276 860 2349 laicis
877 2274 1031 2349 salutem
1074 2274 1201 2347 Sciant
1218 2272 1404 2369 presentes
1416 2284 1455 2347 et
1468 2276 1583 2347 futuri
1596 2299 1656 2348 me
1671 2281 1813 2371 quietos

354 2414 519 2490 clamella
536 2417 582 2489 dc
599 2438 659 2487 mc
676 2424 715 2489 et
732 2414 923 2488 heredibus
941 2415 1032 2486 meis
1057 2414 1095 2484 in
1121 2421 1340 2507 perpetuum
1357 2411 1402 2486 R.
1421 2412 1560 2485 Abbati
1587 2415 1633 2487 de
1658 2414 1756 2489 Scon
1773 2428 1812 2489 ct

354 2556 536 2628 canonicis
567 2552 727 2649 ejusdcm
756 2553 827 2625 loci
855 2551 1063 2625 Ronaldum
1091 2572 1172 2623 mac
1201 2549 1358 2622 malmur
1387 2550 1559 2636 Goueran
1588 2561 1628 2624 et
1657 2554 1813 2626 rnulmur

353 2716 434 2767 mac
459 2694 586 2766 hercar
611 2714 701 2787 quos
725 2690 773 2763 A.
798 2691 908 2763 abbas
932 2690 978 2761 de
995 2686 1251 2762 Dunfermelin
1276 2688 1592 2783 calumpniabatur
1616 2713 1702 2787 erga
1726 2716 1813 2765 eum

354 2832 400 2904 ad
423 2854 512 2927 opus
535 2854 658 2903 meum
708 2828 830 2915 Quare
846 2828 930 2901 volo
954 2837 997 2901 ut
1022 2826 1200 2921 predidtos
1225 2824 1391 2899 homines
1414 2830 1556 2922 quietos
1581 2827 1741 2904 habeant
1767 2832 1811 2903 de

352 2990 413 3043 mc
439 2978 478 3043 ct
502 2969 706 3069 heredibus
719 2968 809 3039 meis
834 2967 873 3039 in
898 2974 1114 3062 perpetuum
1132 2959 1223 3037 ficut
1248 2962 1330 3035 illos
1355 2966 1417 3057 qui
1443 2965 1639 3058 adjudicati
1664 2967 1812 3039 fuerunt

353 3106 513 3199 predicto
524 3102 646 3177 abbati
664 3104 710 3175 de
729 3102 825 3176 Scon
842 3104 880 3174 in
894 3102 1003 3196 plena
1019 3103 1119 3175 ouria
1130 3124 1211 3173 mea
1246 3100 1358 3195 Apud
1367 3092 1521 3183 aluums
1554 3099 1720 3175 Testibus
1731 3101 1812 3175 Hu-

351 3266 447 3337 gonc
464 3222 677 3315 cancellario
693 3262 776 3312 meo
788 3238 1001 3311 Arkebaldo
1018 3238 1150 3312 abbate
1167 3240 1213 3311 de
1231 3238 1487 3311 Dunfermelin
1521 3240 1634 3335 Apud
1646 3243 1809 3323 munros.

331 3542 334 3549 ·
353 3516 463 3591 Carta
479 3516 660 3590 Willelmi
678 3516 789 3612 Regis
807 3516 852 3587 de
870 3515 1009 3587 decima
1025 3516 1128 3610 panis
1145 3514 1274 3587 domus
1290 3512 1363 3587 sue.

282 3808 329 3875 38
353 3770 577 3867 Willelmus
595 3792 677 3865 Rex
698 3789 909 3864 Scottorum
934 3788 1100 3863 omnibus
1125 3790 1246 3884 probis
1271 3790 1477 3863 hominibus
1503 3794 1616 3865 totius
1636 3802 1733 3868 terre
1748 3793 1809 3867 suc

350 3932 504 4007 salutem
554 3930 686 4004 Sciatis
709 3952 770 4001 mc
795 3922 996 4001 conceffillc
1022 3936 1060 3999 et
1085 3927 1153 3999 hac
1183 3936 1283 4000 carta
1311 3951 1394 4001 mea
1419 3928 1639 4004 confirmalle
1664 3931 1746 4004 Deo
1771 3943 1810 4005 et

351 4068 500 4144 ecclesie
513 4068 646 4143 Sanite
659 4066 847 4139 Trinitatis
862 4066 908 4137 de
926 4066 1024 4138 Secu
1041 4073 1080 4137 et
1095 4067 1219 4138 abbati
1237 4075 1277 4139 ct
1294 4068 1476 4141 canonicis
1488 4068 1624 4142 ibidem
1641 4067 1723 4139 Dec
1739 4069 1809 4140 ser·

351 4208 532 4281 cientibus
550 4207 726 4279 decimam
744 4206 857 4276 totius
875 4204 977 4297 panis
994 4203 1122 4276 domus
1138 4226 1221 4276 mee
1237 4227 1285 4276 ex
1301 4205 1496 4297 aquilonali
1519 4214 1622 4299 parte
1639 4206 1684 4278 de
1702 4205 1810 4279 Lam-
1919 4224 1927 4239 ·
1980 4303 1985 4315 ⁸

351 4347 495 4419 bremor
510 4355 550 4418 ct
566 4365 692 4417 omnes
716 4340 831 4436 pelles
856 4362 1030 4437 agnorum
1055 4349 1094 4413 ct
1120 4341 1242 4413 ovium
1268 4341 1314 4413 ad
1339 4342 1530 4435 coquinam
1554 4364 1675 4417 meam
1700 4347 1809 4438 perti-

186 4488 194 4523 '
350 4487 518 4558 nentium
543 4491 697 4577 excepta
722 4500 935 4573 unaquaque
962 4476 1065 4551 sexta
1089 4476 1185 4573 pelle
1235 4477 1287 4551 Et
1316 4478 1506 4551 dimidium
1533 4482 1647 4553 totius
1671 4477 1745 4577 sepi
1770 4494 1809 4554 et

351 4620 545 4719 sangminis
562 4628 598 4693 et
616 4620 716 4709 qudi
738 4640 809 4711 que
834 4616 879 4689 ad
904 4624 1046 4710 partem
1063 4638 1183 4688 meam
1200 4616 1247 4688 de
1263 4616 1417 4711 coquina
1440 4638 1523 4690 mea
1547 4616 1709 4713 spectant
1759 4618 1810 4691 Et

352 4770 458 4835 extra
474 4754 779 4855 quadragesimam
796 4756 895 4827 omni
908 4754 968 4826 die
981 4754 1162 4828 dominica
1174 4765 1329 4850 excepta
1340 4755 1503 4850 qualibet
1515 4754 1618 4829 sexta
1630 4758 1810 4829 dominica

354 4922 468 4973 unum
493 4899 630 4971 corium
652 4918 762 4969 vacce
787 4888 860 4965 five
887 4892 990 4965 bovis
1041 4888 1091 4963 Et
1121 4894 1243 4966 omnia
1268 4889 1336 4965 ista
1364 4902 1510 4967 tantum
1540 4916 1586 4966 ex
1614 4892 1808 5001 aquilonali

357 5051 460 5137 parte
483 5042 529 5113 de
555 5038 773 5112 lambremor
823 5032 873 5106 Et
891 5033 1127 5107 medietatem
1145 5032 1324 5105 coriorum
1342 5031 1389 5105 de
1405 5026 1640 5105 occisionibus
1656 5033 1702 5104 ad
1719 5055 1809 5127 opus

1063 5188 1089 5241 n
