4917 6509
678 822 724 889 48
1193 814 1351 889 LIBER
1380 812 1628 888 ECCLESIE
1961 834 2027 887 sac
2045 834 2132 887 xm.

676 1014 772 1089 Seon
790 1024 829 1089 et
846 1014 1028 1085 eanonieis
1046 1012 1181 1086 ibidem
1200 1013 1282 1086 Deo
1297 1013 1537 1089 seruientibus
1549 1021 1589 1087 et
1604 1012 1786 1087 servituris
1803 1014 1849 1085 de
1866 1022 1946 1086 tota
1962 1023 2058 1088 terra
2072 1014 2138 1087 illa

676 1174 785 1247 qnam
801 1150 945 1223 Suanus
962 1149 1059 1221 iilius
1084 1150 1179 1221 thori
1205 1174 1294 1224 evus
1319 1149 1482 1224 eiusdem
1501 1148 1660 1225 Walteri
1676 1149 1810 1224 eisdem
1827 1151 2009 1223 canonicis
2034 1151 2134 1224 dedit

678 1292 716 1362 in
726 1287 916 1361 Tibermur
928 1311 992 1381 per
1005 1286 1132 1360 divisas
1149 1298 1341 1361 contentas
1353 1290 1393 1361 in
1406 1289 1677 1362 confirmatione
1690 1286 1848 1361 eiusdem
1861 1286 2020 1361 Walteri
2034 1299 2073 1361 et
2090 1288 2137 1361 de

679 1426 835 1520 quodam
851 1425 946 1496 tofto
964 1427 1060 1517 quod
1077 1426 1147 1497 fuit
1164 1425 1334 1498 aurifabri
1359 1448 1443 1499 enm
1469 1426 1548 1498 eliis
1572 1427 1676 1499 toitis
1699 1426 1872 1521 proximis
1888 1426 2137 1499 adiacentibus

679 1566 796 1636 eidem
814 1563 908 1635 tofto
926 1587 990 1657 per
1007 1561 1134 1635 divisas
1151 1571 1344 1635 oontentas
1360 1566 1399 1635 in
1415 1564 1543 1637 eadem
1559 1564 1831 1637 confirmatione
1848 1562 1898 1633 Et
1916 1564 1961 1635 de
1983 1564 2138 1656 quedam

680 1702 816 1773 terrula
827 1699 933 1797 snpra
950 1702 1088 1772 fontem
1106 1702 1168 1793 qui
1179 1709 1328 1773 voratur
1339 1700 1420 1773 fons
1433 1702 1527 1797 regis
1538 1724 1604 1794 per
1615 1698 1744 1775 divisas
1755 1710 1944 1773 contentas
1959 1702 1998 1772 in
2011 1700 2137 1773 eadem
2173 1716 2176 1719 ’

680 1839 952 1911 confirmatione
978 1837 1028 1909 Et
1055 1839 1099 1909 de
1124 1838 1278 1931 quadam
1294 1836 1442 1931 piscaria
1466 1839 1511 1911 de
1536 1836 1673 1911 Carnes
1722 1838 1938 1911 Tenendum
1953 1839 2136 1932 inparem

682 1986 719 2047 et
735 1985 946 2070 perpetuam
975 1970 1206 2047 elemosinam
1235 1997 1320 2047 enm
1348 1976 1601 2048 communione
1623 1972 1767 2070 pnsture
1789 1982 1830 2048 et
1851 1971 2060 2047 aisiamenta
2076 1997 2140 2045 ne-

681 2117 792 2187 moris
809 2113 967 2187 eiusdem
985 2113 1143 2186 Walteri
1161 2122 1200 2185 et
1217 2115 1347 2187 ceteris
1370 2114 1620 2188 communibus
1642 2109 1860 2187 aisiamentis
1876 2114 1923 2188 de
1938 2112 2140 2186 'Pubermur

683 2255 736 2325 ita
752 2252 863 2326 libere
881 2262 919 2325 et
936 2254 1058 2345 quiete
1075 2252 1235 2346 plenarie
1252 2260 1292 2324 et
1307 2251 1456 2346 paoiiioe
1467 2249 1560 2325 irent
1573 2252 1796 2326 confirmatio
1809 2250 1969 2325 eiusdem
1982 2250 2140 2324 Walteri

658 2436 660 2439 >
684 2389 816 2465 eisdem
845 2392 1027 2463 canonicis
1053 2391 1138 2461 inde
1167 2390 1263 2462 faita
1290 2385 1445 2461 testatur
1478 2386 1613 2485 [salvo]
1650 2386 1796 2463 servicio
1826 2412 1909 2463 meo
1974 2386 2140 2462 Testibus

688 2527 878 2601 Willelmo
896 2529 941 2600 de
957 2525 1087 2600 boscho
1105 2526 1319 2599 cancellario
1337 2525 1528 2599 Willelmo
1545 2528 1678 2599 eumin.

685 2804 918 2877 Confirmatio
936 2802 1068 2898 Rogeri
1087 2802 1132 2875 de
1150 2801 1283 2887 Quinoi
1302 2801 1455 2874 Comitis
1479 2803 1526 2874 de
1544 2801 1711 2897 Wynton
1734 2804 1937 2877 donationis
1960 2802 2141 2876 Willelmi

687 2943 732 3014 de
751 2941 841 3016 Len.

617 3214 661 3286 79
690 3196 891 3293 Univerfis
907 3219 1074 3291 fidelibus
1099 3218 1163 3289 has
1186 3216 1327 3289 litteras
1344 3213 1470 3287 visuris
1488 3215 1546 3289 rel
1571 3217 1748 3290 audituris
1765 3218 1929 3314 Rogerus
1946 3219 1992 3290 de
2009 3217 2140 3303 Quinoi

687 3380 806 3431 eomas
832 3356 1033 3449 Wyntonie
1064 3352 1348 3428 eonstebillarius
1378 3354 1502 3427 Scotie
1529 3352 1694 3427 Salutem
1750 3354 1906 3428 Noverit
1930 3351 2140 3429 universitas

689 3492 805 3567 vestra
820 3517 885 3566 nos
903 3496 1073 3565 ratam'et
1090 3500 1231 3588 gratam
1255 3493 1389 3566 habere
1415 3492 1645 3563 donationem
1664 3490 1845 3565 Willelmi
1871 3493 1915 3565 de
1933 3492 2013 3565 Len
2033 3515 2142 3587 qnam

690 3635 777 3706 ieoit
802 3632 925 3705 abbati
942 3632 986 3703 de
1005 3631 1124 3703 Seona
1141 3641 1180 3702 et
1197 3632 1378 3702 canonicis
1402 3629 1536 3702 ibidem
1553 3626 1634 3700 Deo
1650 3626 1888 3703 servientibus
1904 3639 1944 3702 et
1959 3628 2143 3704 servituris

688 3775 727 3843 in
752 3778 968 3865 perpetuum
992 3767 1098 3863 super
1124 3778 1221 3841 terra
1245 3768 1309 3841 illa
1333 3791 1404 3861 que
1428 3766 1499 3838 fuit
1525 3766 1571 3837 de
1597 3766 1745 3839 baronia
1770 3771 1882 3861 patris
1904 3771 1977 3841 mei
2000 3770 2143 3842 oomitis

691 3907 894 4003 Wyntonie
910 3907 1003 3979 inira
1019 3907 1172 4002 burgum
1190 3907 1237 3979 de
1254 3905 1367 3978 Perth
1383 3928 1454 3998 que
1471 3905 1566 3975 iacet
1582 3904 1678 3977 inter
1694 3912 1827 3979 terram
1853 3929 1924 4001 que
1944 3908 2014 3979 iuit
2030 3929 2145 4000 quon·

689 4050 772 4120 dam
791 4045 941 4117 Henrioi
967 4044 1065 4118 baldi
1090 4054 1129 4117 et
1155 4053 1288 4117 terrem
1316 4066 1387 4137 que
1411 4043 1482 4114 fuit
1505 4041 1697 4137 galeatoris
1723 4066 1832 4136 quam
1847 4041 1983 4117 seilicet
2009 4054 2143 4118 terram

691 4187 789 4257 idem
807 4182 1019 4256 Willelmus
1036 4184 1156 4254 tenuit
1174 4184 1220 4255 de
1236 4183 1339 4254 nobis
1355 4204 1421 4277 per
1432 4178 1580 4252 cartam
1630 4176 1871 4255 Concedimus
1884 4185 1995 4257 etiam
2008 4192 2047 4256 et
2059 4208 2142 4257 oon·
2209 4146 2215 4156 ι

690 4322 873 4393 firmamus
898 4322 1096 4415 predittam
1122 4330 1255 4393 terram
1279 4321 1447 4414 predidtis
1463 4317 1585 4391 abbati
1603 4328 1641 4391 et
1657 4321 1837 4393 canonicis
1862 4330 1901 4393 et
1925 4344 2051 4394 eorum
2066 4320 2143 4395 sue-

694 4454 884 4530 oeiloribus
911 4460 1106 4530 tenendam
1133 4466 1171 4530 et
1195 4458 1398 4530 habendam
1421 4458 1466 4529 de
1486 4457 1590 4528 nobis
1615 4465 1654 4528 et
1680 4456 1870 4530 heredibus
1898 4457 2028 4531 nostris
2052 4458 2142 4533 fient

692 4604 792 4670 osrta
817 4590 937 4665 nostra
963 4596 1095 4667 exinde
1125 4595 1287 4668 oonieita
1314 4596 1409 4667 dido
1436 4592 1626 4666 Willelmo
1649 4618 1673 4666 a
1696 4595 1800 4667 nobis
1826 4593 1975 4688 prestita
2002 4600 2143 4692 plenius

692 4728 886 4808 attestatur
913 4730 1078 4825 Excepto
1107 4732 1294 4830 hostilagio
1320 4735 1416 4827 quod
1441 4734 1545 4805 dietis
1569 4733 1691 4807 abbati
1716 4742 1756 4805 et
1786 4736 1964 4809 canonicis
1989 4738 2036 4809 ad
2060 4761 2145 4810 ean-

693 4875 776 4945 dem
793 4881 927 4944 terram
943 4865 1141 4943 remiiimns
1192 4870 1374 4944 Volumus
1390 4872 1513 4965 itaque
1526 4872 1623 4964 qnod
1639 4872 1790 4965 predidti
1806 4872 1916 4946 abbas
1929 4883 1968 4946 et
1980 4879 2142 4950 eanonioi

692 5008 927 5105 supradittam
945 5017 1078 5083 terram
1095 5010 1252 5103 babeant
1270 5020 1308 5082 et
1320 5018 1470 5083 teneant
1487 5008 1600 5082 libere
1615 5009 1810 5084 honorifice
1822 5021 1861 5084 et
1873 5014 1996 5105 quiete
2046 5015 2143 5089 Red-

692 5147 811 5221 dendo
827 5148 911 5219 inde
924 5127 1026 5220 nobis
1040 5156 1078 5220 et
1090 5148 1283 5221 heredibus
1295 5145 1424 5221 nostris
1437 5150 1624 5221 annuatim
1635 5149 1819 5223 dimidiam
1831 5172 1990 5225 maroam
2002 5156 2142 5250 argenti
