4917 6509
328 761 415 815 nuc.
435 762 520 815 wm.
758 741 796 813 S.
823 738 1121 815 TRINI'I'ATIS
1148 740 1217 815 DE
1245 740 1391 815 SCON.
1736 752 1782 823 29

326 938 482 1013 mansuri
499 939 638 1027 suntin
655 941 764 1012 moris
780 940 874 1013 infra
890 940 1112 1012 territorium
1130 940 1175 1011 de
1193 939 1428 1013 Louchoruer
1442 940 1596 1015 salutern
1646 943 1784 1025 mando

327 1077 428 1152 vobis
446 1089 484 1151 et
501 1078 654 1151 firmiter
670 1080 827 1173 precipio
846 1087 888 1151 ut
905 1079 951 1151 de
968 1078 1117 1151 decimis
1130 1086 1168 1150 et
1181 1078 1227 1151 de
1239 1080 1406 1151 omnibus
1419 1080 1498 1158 aliis
1509 1082 1785 1155 rectitudinibus

328 1217 457 1310 quibus
475 1212 628 1290 vestram
644 1227 799 1291 matrem
826 1213 1013 1290 ecclesiam
1036 1238 1138 1288 more
1163 1214 1448 1289 Christianorum
1465 1221 1628 1291 venerari
1646 1220 1785 1293 debetis

326 1351 402 1427 fitis
419 1355 578 1450 plenarie
594 1354 798 1450 spectantes
815 1355 860 1429 ad
878 1352 1064 1428 ecclesiam
1082 1353 1128 1426 de
1146 1351 1380 1427 Louchorner
1399 1352 1491 1428 ficut
1508 1379 1573 1430 nos
1590 1367 1657 1429 aut
1674 1357 1784 1451 aliqui

326 1492 388 1565 alii
405 1501 490 1566 ante
507 1515 573 1566 nos
590 1495 628 1565 in
645 1493 774 1566 eodem
798 1493 978 1565 territorio
1001 1500 1190 1565 manentes
1215 1491 1347 1564 melius
1364 1501 1468 1565 erant
1485 1492 1715 1588 respicientes
1739 1495 1784 1567 ad

327 1630 480 1703 eandem
497 1628 683 1704 ecclesiam
701 1638 865 1725 temporo
880 1630 976 1725 regis
997 1628 1120 1702 Dauid
1146 1631 1206 1701 nui
1231 1632 1305 1702 mei
1330 1628 1423 1704 fient
1448 1642 1548 1705 carta
1571 1635 1665 1728 regis
1689 1634 1784 1713 mal·

327 1766 434 1840 colmi
451 1769 571 1843 fratris
587 1770 659 1841 mei
676 1769 829 1863 precipit
852 1776 891 1840 et
916 1768 1106 1841 confirmat
1125 1767 1222 1841 Volo
1241 1771 1338 1863 quod
1355 1779 1397 1843 ut
1415 1793 1459 1842 ea
1476 1793 1547 1864 que
1563 1770 1646 1843 Rex
1664 1771 1784 1844 Dauid

272 1891 276 1897 ¹
326 1929 416 1979 auus
442 1930 545 1981 meus
573 1908 612 1979 in
641 1908 768 1979 diebus
789 1904 860 1979 suis
883 1902 975 1979 iuste
998 1902 1126 1979 statuit
1151 1914 1189 1979 et
1214 1909 1374 1981 maxime
1398 1910 1437 1979 in
1463 1904 1613 1983 ecclefia
1636 1934 1702 2003 per
1725 1933 1785 1983 me

325 2040 419 2117 iuste
435 2054 740 2119 manuteneantur
790 2044 911 2129 Quare
934 2040 1041 2140 super
1057 2068 1175 2119 meam
1193 2046 1392 2140 plenariam
1409 2044 1665 2121 foriffahturam
1683 2051 1784 2121 robis

324 2182 498 2276 prohibeo
647 2183 692 2255 de
708 2181 813 2254 nobis
830 2178 953 2256 finatis
976 2183 1126 2256 vlterius
1152 2207 1216 2278 pro
1242 2177 1393 2278 penuria
1416 2185 1504 2257 resti
1528 2207 1593 2280 pro
1618 2188 1785 2281 predictis

323 2321 598 2394 restitudinibus
615 2320 810 2395 clamorem
825 2320 949 2393 audire
998 2317 1164 2394 Testibus
1181 2333 1252 2395 ‘tot

327 2594 437 2669 Carta
454 2595 635 2708 Willelmi
653 2597 765 2693 Regis
783 2594 946 2670 Henrieo
963 2594 1079 2668 Baldo
1097 2596 1271 2669 conseer.

254 2878 301 2947 45
326 2847 551 2947 Willelmus
573 2873 631 2945 dei
648 2874 765 2969 gratia
781 2871 864 2945 Rex
881 2852 1091 2967 Scottorum
1116 2868 1284 2943 omnibus
1308 2850 1429 2965 probis
1450 2869 1656 2945 hominibus
1673 2855 1786 2946 totius
1845 2909 1847 2920 =

325 3022 422 3085 terre
438 3009 500 3084 sue
517 3010 656 3084 clericis
675 3020 713 3083 et
730 3010 830 3083 laicis
847 3007 1017 3083 salutem,
1039 3008 1165 3082 Sciant
1181 3005 1365 3103 presentes
1383 3018 1421 3079 et
1438 3009 1551 3081 futuri
1576 3033 1637 3081 me
1655 3009 1786 3084 dedisse

325 3160 364 3223 et
380 3145 582 3223 concessisse
600 3158 639 3221 et
654 3148 722 3221 hac
748 3158 849 3222 carta
864 3169 947 3220 mea
968 3143 1189 3220 confirmasse
1215 3144 1377 3217 Henrieo
1395 3144 1511 3217 Baldo
1534 3155 1668 3219 terram
1684 3148 1786 3221 illam
1814 3236 1824 3253 ι

322 3290 362 3359 in
379 3287 493 3383 burgo
510 3308 592 3359 mco
609 3286 655 3358 de
671 3294 753 3381 pert
778 3308 887 3380 qnam
903 3284 928 3356 J
930 3284 1063 3357 acobus
1086 3281 1182 3354 filius
1208 3280 1366 3353 Simonis
1384 3283 1501 3355 etalii
1527 3282 1695 3379 prepositi
1713 3288 1785 3359 mei

311 3410 369 3498 'do
381 3434 463 3521 pert
476 3426 509 3497 ei
522 3448 587 3520 per
599 3432 812 3519 preceptum
825 3444 949 3495 meum
962 3421 1189 3495 tradiderunt
1201 3419 1302 3492 illam
1315 3414 1450 3493 seilicet
1463 3444 1534 3513 qus
1547 3418 1601 3494 est
1613 3425 1653 3494 in
1664 3425 1786 3505 fronte

232 3661 235 3665 ἡ
324 3566 394 3637 vici
410 3562 507 3635 illius
524 3563 586 3657 qui
611 3562 731 3635 tendit
748 3563 794 3635 de
820 3557 970 3635 ecclesia
996 3558 1120 3632 sanci
1136 3556 1162 3629 J
1163 3557 1314 3630 ohannis
1340 3554 1495 3652 baptiste
1520 3557 1695 3652 usquead
1713 3559 1786 3635 cas-

323 3700 454 3775 tellum
472 3702 517 3774 de
535 3700 648 3773 Parth
665 3724 712 3774 ex
729 3699 897 3773 orientali
914 3706 1017 3794 parto
1034 3704 1163 3769 contra
1187 3696 1336 3767 domum
1361 3695 1511 3769 Andree
1534 3697 1600 3769 filii
1628 3697 1786 3771 Simonis

323 3839 484 3914 Tenend.
501 3836 567 3912 sibi
584 3848 623 3913 et
639 3839 832 3913 herodibus
844 3835 915 3913 suis
933 3838 978 3911 de
996 3858 1055 3908 me
1072 3844 1111 3907 et
1128 3832 1323 3906 heredibus
1339 3836 1429 3907 meis
1446 3836 1485 3905 in
1503 3835 1609 3909 feodo
1627 3845 1666 3909 et
1682 3838 1786 3911 here·

324 3980 439 4051 ditate
463 3977 577 4050 libore
603 3985 642 4049 ot
664 3978 788 4070 quiete
813 3976 974 4071 plenarie
992 3983 1031 4048 et
1047 3971 1244 4045 honorifice
1270 3970 1471 4044 Reddendo
1495 3974 1581 4045 inde
1598 3976 1786 4048 annuatim

325 4134 466 4185 camere
484 4134 566 4185 mee
590 4133 701 4184 unam
723 4110 852 4184 libram
874 4111 1007 4205 piperis
1027 4112 1073 4183 ad
1099 4087 1231 4183 lestum
1256 4107 1597 4199 SanttiMlchaelis
1621 4107 1786 4185 'festibus

325 4250 484 4347 Hugono
501 4248 725 4323 cancellario
747 4272 831 4321 meo
848 4247 1016 4344 Philippo
1033 4249 1080 4322 de
1099 4246 1245 4321 Volone
1270 4248 1465 4319 camerario
1482 4269 1566 4320 meo
1585 4248 1786 4321 Maleolmo

246 4364 260 4489 „j
324 4388 400 4460 filio
416 4388 562 4461 amitis
585 4387 754 4461 runcano
777 4382 971 4459 willermo
994 4387 1039 4459 ee
1065 4386 1162 4485 saia
1181 4384 1395 4458 Alexandro
1412 4386 1625 4459 vicecomite
1641 4410 1724 4460 meo
1740 4389 1786 4461 ae
1909 4448 1925 4485 ,
1965 4404 1970 4410 =

325 4524 502 4599 Striuelin
519 4525 662 4623 Rogero
680 4526 726 4599 de
743 4532 888 4597 mortuo
905 4526 995 4599 mari
1012 4524 1182 4620 Philippo
1200 4523 1246 4596 de
1264 4523 1421 4619 Lundyn
1471 4523 1583 4618 Apud
1605 4524 1693 4598 Pert
1709 4528 1785 4598 xiiii

233 4754 236 4761 ‚
325 4664 384 4737 die
401 4663 548 4760 Aprilis.
