4917 6509
662 849 710 921 46
1172 848 1330 923 LIBER
1355 848 1602 924 EOOLESIE
1931 874 2008 927 sao.
2027 872 2117 926 ιιιιι.

661 1050 841 1121 canonicis
858 1049 896 1119 in
913 1058 1129 1144 perpetuum
1146 1051 1192 1123 de
1209 1050 1314 1123 nobis
1330 1058 1368 1123 et
1384 1050 1577 1124 heredibus
1598 1046 1727 1123 nostris
1751 1053 1790 1123 in
1815 1050 1965 1125 liberam
1989 1074 2117 1147 puram

662 1199 700 1257 et
717 1196 928 1281 perpetuam
946 1183 1177 1260 elemofinam
1195 1189 1249 1261 ita
1265 1186 1378 1261 libere
1395 1176 1434 1259 et
1450 1188 1574 1282 quiete
1586 1188 1747 1283 plenarie
1763 1197 1803 1261 et
1819 1190 2012 1263 honorilice
2024 1186 2116 1263 ficut

660 1322 780 1418 aliqua
796 1322 990 1398 elemosina
1006 1328 1044 1397 in
1062 1350 1173 1421 regno
1187 1323 1307 1399 nostro
1323 1326 1471 1399 liberius
1488 1336 1528 1399 et
1539 1328 1697 1419 quietius
1709 1334 1858 1399 tenetur
1869 1336 1909 1400 et
1920 1324 2117 1422 poffidetur

660 1459 826 1535 'l'estibus
843 1463 889 1535 G.
908 1486 975 1557 epo
994 1459 1244 1535 Dunkeldenli
1265 1460 1432 1536 Weltero
1450 1462 1584 1535 (lumin
1601 1464 1735 1536 comite
1753 1466 1799 1537 de
1815 1462 1991 1538 Mentetb
2008 1464 2115 1538 alano

659 1598 827 1673 hostiario
850 1601 967 1675 David
987 1602 1032 1672 de
1050 1598 1189 1673 hindei
1201 1607 1284 1697 pati
1307 1600 1349 1671 fil
1373 1596 1482 1673 Willi
1499 1599 1619 1674 Willo
1644 1603 1690 1674 de
1716 1599 1935 1675 Munificbet
1952 1602 2115 1676 Roberto

660 1737 761 1813 Biset
811 1738 921 1834 Apud
941 1737 1038 1811 Scob
1055 1741 1183 1832 quinto
1201 1739 1260 1810 die
1278 1737 1463 1833 Februarij
1481 1761 1576 1811 anno
1592 1740 1695 1834 regni
1708 1738 1846 1811 domini
1859 1738 1970 1835 Regis
1985 1741 2112 1834 xxvijo.

661 2015 771 2089 Certa
786 2014 987 2087 Alexandri
1005 2014 1117 2109 Regis
1135 2014 1180 2085 de
1198 2014 1365 2085 dominiis
1383 2013 1428 2085 de
1446 2012 1544 2085 Rath
1562 2022 1601 2085 et
1618 2011 1852 2109 Kyniawnes.

589 2300 633 2372 75
660 2265 888 2367 Alexander
904 2288 975 2361 Dei
993 2290 1110 2385 gratia
1126 2288 1209 2360 Rex
1226 2286 1437 2361 Scottorum
1455 2286 1622 2360 omnibus
1637 2288 1761 2382 probis
1777 2288 1985 2361 hominibus
2002 2292 2115 2364 totius

657 2438 753 2503 terre
769 2429 831 2502 sue
847 2427 1001 2501 salutern
1052 2424 1178 2499 Sciant
1194 2424 1378 2519 presentes
1401 2434 1440 2497 et
1465 2426 1579 2497 futuri
1594 2446 1663 2497 nos
1681 2426 1727 2497 ad
1743 2424 1884 2498 firmam
1900 2438 2113 2523 perpetuam

657 2562 836 2641 tradidill'e
853 2566 976 2639 abbati
993 2572 1032 2636 et
1048 2564 1245 2636 conventui
1260 2564 1310 2635 de
1332 2562 1453 2636 Scona
1477 2564 1637 2637 dominia
1660 2560 1782 2636 nostra
1806 2564 1853 2637 de
1878 2562 1978 2639 Rath
2002 2577 2042 2639 et
2068 2570 2113 2641 de

657 2706 872 2802 Kynfaunes
888 2705 926 2775 in
943 2702 1102 2799 gou'eryn
1151 2699 1313 2774 Tenend.
1331 2711 1370 2773 et
1386 2702 1541 2775 habend.
1558 2701 1692 2775 eisdem
1709 2702 1832 2775 abbati
1855 2712 1894 2776 et
1917 2708 2113 2779 conventui

657 2854 696 2917 et
721 2840 974 2917 successoribus
998 2839 1070 2913 suis
1096 2840 1141 2912 de
1167 2839 1272 2912 nobis
1297 2848 1336 2912 et
1361 2840 1554 2913 heredibus
1579 2837 1709 2912 nostris
1734 2836 1775 2912 in
1804 2850 2021 2937 perpetuum
2047 2868 2113 2939 per

656 2984 770 3054 redas
788 2978 915 3052 divisas
931 2977 1011 3051 suas
1028 2987 1067 3049 et
1084 2960 1169 3050 cum
1186 2978 1354 3049 omnibus
1369 2973 1471 3049 iustis
1488 2976 1718 3073 pertinentiis
1735 2977 1806 3052 saie
1823 2988 1862 3053 et
1879 3002 1962 3053 cum
1985 3004 2112 3053 eanm-

657 3121 739 3192 dem
765 3127 941 3191 terrarum
966 3116 1099 3189 nativis
1124 3114 1238 3187 libere
1265 3116 1389 3208 quiete
1414 3115 1576 3211 plenarie
1602 3124 1641 3189 et
1665 3116 1862 3191 honorilice
1910 3118 2111 3193 Reddenda

654 3258 739 3329 inde
756 3258 942 3327 annuatim
961 3254 1198 3349 quadraginta
1223 3253 1361 3327 celdraa
1386 3252 1472 3325 boni
1497 3252 1672 3325 frumenti
1697 3263 1737 3327 et
1760 3252 1948 3351 sexaginta
1972 3256 2111 3329 celdrae

655 3394 741 3466 boni
758 3388 864 3464 brasii
882 3392 982 3463 ordei
999 3388 1187 3462 solvendae
1204 3392 1243 3462 in
1259 3389 1417 3486 grangn‘is
1432 3388 1506 3461 liris
1524 3390 1570 3461 de
1586 3391 1690 3462 cittis
1706 3390 1806 3463 Rath
1831 3401 1871 3464 et
1896 3375 2111 3489 Kynfaunes

655 3530 706 3602 Et
722 3530 886 3602 faciendo
903 3527 1116 3601 forinsecum
1130 3525 1320 3599 servicium
1333 3527 1429 3621 quod
1442 3527 1487 3599 ad
1501 3524 1643 3601 easdem
1655 3537 1769 3601 terras
1781 3530 1941 3623 pertinet
1991 3530 2110 3605 Salvis

654 3664 787 3741 eisdem
817 3666 996 3739 canonicis
1024 3662 1189 3737 secundis
1219 3664 1367 3736 decimis
1400 3662 1472 3734 suis
1505 3664 1558 3735 eis
1587 3688 1610 3736 a
1635 3664 1742 3737 nobis
1767 3675 1806 3737 et
1831 3662 2110 3741 antecelloribus

653 3802 781 3876 nostrie
806 3804 845 3875 in
869 3812 1080 3897 perpetuam
1107 3796 1339 3873 elemosrnam
1364 3799 1507 3873 collatis
1568 3796 1733 3874 Testibus
1751 3800 1924 3877 Waltero
1949 3802 1990 3875 fil
2013 3805 2109 3878 alani

652 3940 845 4015 senescallo
861 3938 967 4014 iustic
983 3938 1097 4012 scocie
1116 3936 1234 4011 Willo
1252 3937 1396 4033 Cumyn
1413 3936 1557 4011 Comite
1573 3939 1620 4010 de
1639 3938 1787 4015 Meteth
1810 3942 1836 4012 h
1861 3944 1908 4015 de
1924 3940 2053 4017 Buillis
2069 3952 2108 4017 et

652 4090 782 4154 cetera.

651 4354 761 4428 Carta
776 4354 977 4429 Alexandri
996 4354 1107 4451 Regis
1124 4352 1170 4425 de
1186 4374 1334 4425 nemore
1350 4350 1547 4446 Kelcamsy
1561 4352 1601 4422 in
1618 4349 1799 4426 forestum.

579 4632 626 4707 76
653 4600 881 4705 Alexander
898 4627 969 4700 Dei
986 4630 1102 4724 gratia
1120 4627 1203 4701 Rex
1221 4624 1432 4698 Scottorum
1448 4625 1617 4699 omnibus
1630 4626 1751 4720 probis
1767 4627 1975 4702 bominibus
1992 4634 2105 4705 totins

491 4834 496 4845 .
649 4778 746 4843 terre
761 4764 824 4839 sue
840 4764 994 4839 salutem
1044 4764 1176 4837 Sciatis
1193 4764 1289 4858 quod
1307 4756 1540 4835 conceffimus
1557 4764 1739 4835 canonicis
1753 4764 1799 4838 de
1812 4764 1909 4838 Scan
1921 4775 1964 4841 ut
1976 4789 2105 4841 nemus
2195 4802 2200 4815 ·

647 4906 815 4979 suumin
840 4898 1036 4997 Kelcamsy
1060 4902 1219 4975 habeant
1243 4895 1282 4975 in
1307 4896 1478 4973 forestum
1552 4900 1676 4987 Quare
1699 4900 1852 4977 firmiter
1875 4903 2106 4998 prohibemus

647 5044 789 5138 nequis
806 5038 881 5115 fine
899 5040 1096 5115 eorundem
1109 5041 1367 5113 vcanonicorum
1380 5038 1532 5112 licencia
1547 5040 1586 5111 in
1603 5038 1698 5111 dieto
1715 5060 1864 5114 nemore
1878 5037 1942 5113 suo
1957 5042 1997 5113 in
2014 5041 2106 5116 Kel·
