<?xml version="1.0" encoding="UTF-8"?>
<!DOCTYPE html PUBLIC "-//W3C//DTD XHTML 1.0 Transitional//EN"
    "http://www.w3.org/TR/xhtml1/DTD/xhtml1-transitional.dtd">
<html xmlns="http://www.w3.org/1999/xhtml" xml:lang="en" lang="en">
 <head>
  <title>
</title>
<meta http-equiv="Content-Type" content="text/html;charset=utf-8" />
  <meta name='ocr-system' content='tesseract 3.04.00' />
  <meta name='ocr-capabilities' content='ocr_page ocr_carea ocr_par ocr_line ocrx_word'/>
</head>
<body>
  <div class='ocr_page' id='page_1' title='image "./liberecclesiede00abbegoog_0167.png"; bbox 0 0 4917 6509; ppageno 0'>
   <div class='ocr_carea' id='block_1_1' title="bbox 372 849 1823 926">
    <p class='ocr_par' dir='ltr' id='par_1_1' title="bbox 372 849 1823 926">
     <span class='ocr_line' id='line_1_1' title="bbox 372 849 1823 926; baseline 0 -1"><span class='ocrx_word' id='word_1_1' title='bbox 372 872 590 926; x_wconf 66' lang='lat' dir='ltr'>anemium</span> <span class='ocrx_word' id='word_1_2' title='bbox 609 874 649 923; x_wconf 92' lang='lat'>11.</span> <span class='ocrx_word' id='word_1_3' title='bbox 783 850 821 924; x_wconf 89' lang='lat' dir='ltr'>S.</span> <span class='ocrx_word' id='word_1_4' title='bbox 845 849 1141 924; x_wconf 76' lang='lat' dir='ltr'><strong>TRINI&#39;I&#39;ATIS</strong></span> <span class='ocrx_word' id='word_1_5' title='bbox 1166 850 1237 923; x_wconf 84' lang='lat' dir='ltr'>DE</span> <span class='ocrx_word' id='word_1_6' title='bbox 1263 850 1408 925; x_wconf 85' lang='lat' dir='ltr'>scoN.</span> <span class='ocrx_word' id='word_1_7' title='bbox 1756 856 1823 925; x_wconf 91' lang='lat'>111</span> 
     </span>
    </p>
   </div>
   <div class='ocr_carea' id='block_1_2' title="bbox 374 1042 1937 1705">
    <p class='ocr_par' dir='ltr' id='par_1_2' title="bbox 374 1042 1937 1705">
     <span class='ocr_line' id='line_1_2' title="bbox 375 1042 1823 1142; baseline 0.001 -21"><span class='ocrx_word' id='word_1_8' title='bbox 375 1049 593 1122; x_wconf 87' lang='lat' dir='ltr'>ratificamus</span> <span class='ocrx_word' id='word_1_9' title='bbox 618 1049 856 1142; x_wconf 74' lang='lat' dir='ltr'>approbamus</span> <span class='ocrx_word' id='word_1_10' title='bbox 881 1057 919 1121; x_wconf 92' lang='lat' dir='ltr'>et</span> <span class='ocrx_word' id='word_1_11' title='bbox 941 1056 1068 1119; x_wconf 89' lang='lat' dir='ltr'>tenore</span> <span class='ocrx_word' id='word_1_12' title='bbox 1094 1042 1267 1141; x_wconf 89' lang='lat' dir='ltr'>presentis</span> <span class='ocrx_word' id='word_1_13' title='bbox 1296 1056 1394 1121; x_wconf 85' lang='lat' dir='ltr'>carte</span> <span class='ocrx_word' id='word_1_14' title='bbox 1423 1044 1542 1119; x_wconf 88' lang='lat' dir='ltr'>nostre</span> <span class='ocrx_word' id='word_1_15' title='bbox 1565 1071 1630 1142; x_wconf 89' lang='lat' dir='ltr'>pro</span> <span class='ocrx_word' id='word_1_16' title='bbox 1657 1050 1761 1123; x_wconf 87' lang='lat' dir='ltr'>nobis</span> <span class='ocrx_word' id='word_1_17' title='bbox 1783 1058 1823 1123; x_wconf 91' lang='lat' dir='ltr'>et</span> 
     </span>
     <span class='ocr_line' id='line_1_3' title="bbox 375 1179 1820 1278; baseline -0.001 -22"><span class='ocrx_word' id='word_1_18' title='bbox 375 1186 565 1263; x_wconf 86' lang='lat' dir='ltr'>heredibus</span> <span class='ocrx_word' id='word_1_19' title='bbox 582 1182 710 1258; x_wconf 87' lang='lat' dir='ltr'>uostris</span> <span class='ocrx_word' id='word_1_20' title='bbox 727 1186 765 1255; x_wconf 91' lang='lat' dir='ltr'>in</span> <span class='ocrx_word' id='word_1_21' title='bbox 782 1192 998 1278; x_wconf 87' lang='lat' dir='ltr'>perpetuum</span> <span class='ocrx_word' id='word_1_22' title='bbox 1015 1181 1267 1255; x_wconf 89' lang='lat' dir='ltr'>confirmamus</span> <span class='ocrx_word' id='word_1_23' title='bbox 1316 1181 1363 1254; x_wconf 89' lang='lat' dir='ltr'>In</span> <span class='ocrx_word' id='word_1_24' title='bbox 1383 1183 1485 1275; x_wconf 89' lang='lat' dir='ltr'>cnjus</span> <span class='ocrx_word' id='word_1_25' title='bbox 1500 1184 1554 1254; x_wconf 88' lang='lat' dir='ltr'>rei</span> <span class='ocrx_word' id='word_1_26' title='bbox 1574 1179 1820 1257; x_wconf 87' lang='lat' dir='ltr'>testimonium</span> 
     </span>
     <span class='ocr_line' id='line_1_4' title="bbox 374 1312 1937 1412; baseline 0.002 -23"><span class='ocrx_word' id='word_1_27' title='bbox 374 1315 531 1410; x_wconf 84' lang='lat' dir='ltr'>presenti</span> <span class='ocrx_word' id='word_1_28' title='bbox 566 1328 665 1390; x_wconf 89' lang='lat' dir='ltr'>carte</span> <span class='ocrx_word' id='word_1_29' title='bbox 704 1313 823 1390; x_wconf 91' lang='lat' dir='ltr'>nostre</span> <span class='ocrx_word' id='word_1_30' title='bbox 856 1312 1011 1411; x_wconf 82' lang='lat' dir='ltr'>sigillum</span> <span class='ocrx_word' id='word_1_31' title='bbox 1044 1312 1204 1389; x_wconf 91' lang='lat' dir='ltr'>nostrum</span> <span class='ocrx_word' id='word_1_32' title='bbox 1237 1318 1463 1411; x_wconf 79' lang='lat' dir='ltr'>precepimus</span> <span class='ocrx_word' id='word_1_33' title='bbox 1492 1320 1624 1412; x_wconf 89' lang='lat' dir='ltr'>apponi</span> <span class='ocrx_word' id='word_1_34' title='bbox 1655 1316 1820 1391; x_wconf 75' lang='lat' dir='ltr'>&#39;festibus</span> <span class='ocrx_word' id='word_1_35' title='bbox 1932 1393 1937 1402; x_wconf 84' lang='grc'>,</span> 
     </span>
     <span class='ocr_line' id='line_1_5' title="bbox 375 1450 1820 1550; baseline 0.002 -27"><span class='ocrx_word' id='word_1_36' title='bbox 375 1453 638 1525; x_wconf 82' lang='lat' dir='ltr'>venerabilibus</span> <span class='ocrx_word' id='word_1_37' title='bbox 664 1453 826 1547; x_wconf 86' lang='lat' dir='ltr'>patribus</span> <span class='ocrx_word' id='word_1_38' title='bbox 852 1452 1007 1524; x_wconf 80' lang='lat' dir='ltr'>(leminis</span> <span class='ocrx_word' id='word_1_39' title='bbox 1025 1450 1214 1525; x_wconf 89' lang='lat' dir='ltr'>Willelmo</span> <span class='ocrx_word' id='word_1_40' title='bbox 1237 1451 1449 1526; x_wconf 83' lang='lat' dir='ltr'>Alexandro</span> <span class='ocrx_word' id='word_1_41' title='bbox 1466 1452 1609 1550; x_wconf 82' lang='lat' dir='ltr'>Rogerc</span> <span class='ocrx_word' id='word_1_42' title='bbox 1635 1462 1674 1526; x_wconf 88' lang='lat' dir='ltr'>et</span> <span class='ocrx_word' id='word_1_43' title='bbox 1698 1455 1820 1528; x_wconf 86' lang='lat' dir='ltr'>Adam</span> 
     </span>
     <span class='ocr_line' id='line_1_6' title="bbox 377 1582 1821 1705; baseline 0.001 -44"><span class='ocrx_word' id='word_1_44' title='bbox 377 1586 585 1683; x_wconf 75' lang='lat' dir='ltr'>Glasguenii</span> <span class='ocrx_word' id='word_1_45' title='bbox 606 1585 846 1661; x_wconf 81' lang='lat' dir='ltr'>Abirdonensr</span> <span class='ocrx_word' id='word_1_46' title='bbox 868 1582 1026 1660; x_wconf 83' lang='lat' dir='ltr'>Rolsensr</span> <span class='ocrx_word' id='word_1_47' title='bbox 1052 1596 1091 1659; x_wconf 91' lang='lat' dir='ltr'>et</span> <span class='ocrx_word' id='word_1_48' title='bbox 1113 1584 1345 1660; x_wconf 80' lang='lat' dir='ltr'>Brechineusr</span> <span class='ocrx_word' id='word_1_49' title='bbox 1371 1584 1599 1660; x_wconf 83' lang='lat' dir='ltr'>ecclesrarum</span> <span class='ocrx_word' id='word_1_50' title='bbox 1622 1590 1821 1705; x_wconf 38' lang='lat' dir='ltr'>deiagratia</span> 
     </span>
    </p>
   </div>
   <div class='ocr_carea' id='block_1_3' title="bbox 358 1720 1822 2475">
    <p class='ocr_par' dir='ltr' id='par_1_3' title="bbox 358 1720 1822 2475">
     <span class='ocr_line' id='line_1_7' title="bbox 358 1720 1821 1818; baseline 0.002 -23"><span class='ocrx_word' id='word_1_51' title='bbox 358 1722 559 1818; x_wconf 86' lang='lat' dir='ltr'>-Episcopie</span> <span class='ocrx_word' id='word_1_52' title='bbox 581 1722 741 1796; x_wconf 86' lang='lat' dir='ltr'>Rcbertc</span> <span class='ocrx_word' id='word_1_53' title='bbox 765 1720 957 1796; x_wconf 85' lang='lat' dir='ltr'>senescallo</span> <span class='ocrx_word' id='word_1_54' title='bbox 983 1721 1106 1795; x_wconf 88' lang='lat' dir='ltr'>Scotie</span> <span class='ocrx_word' id='word_1_55' title='bbox 1130 1731 1264 1817; x_wconf 90' lang='lat' dir='ltr'>nepote</span> <span class='ocrx_word' id='word_1_56' title='bbox 1289 1720 1409 1794; x_wconf 89' lang='lat' dir='ltr'>nostro</span> <span class='ocrx_word' id='word_1_57' title='bbox 1433 1724 1584 1817; x_wconf 88' lang='lat' dir='ltr'>patricio</span> <span class='ocrx_word' id='word_1_58' title='bbox 1606 1726 1653 1797; x_wconf 91' lang='lat' dir='ltr'>de</span> <span class='ocrx_word' id='word_1_59' title='bbox 1669 1724 1821 1798; x_wconf 92' lang='lat' dir='ltr'>Dunbar</span> 
     </span>
     <span class='ocr_line' id='line_1_8' title="bbox 376 1853 1822 1941; baseline 0 -8"><span class='ocrx_word' id='word_1_60' title='bbox 376 1862 509 1933; x_wconf 91' lang='lat' dir='ltr'>comite</span> <span class='ocrx_word' id='word_1_61' title='bbox 546 1860 704 1934; x_wconf 89' lang='lat' dir='ltr'>marchie</span> <span class='ocrx_word' id='word_1_62' title='bbox 738 1858 928 1931; x_wconf 89' lang='lat' dir='ltr'>Willelmc</span> <span class='ocrx_word' id='word_1_63' title='bbox 966 1860 1098 1931; x_wconf 90' lang='lat' dir='ltr'>comite</span> <span class='ocrx_word' id='word_1_64' title='bbox 1136 1858 1181 1929; x_wconf 90' lang='lat' dir='ltr'>de</span> <span class='ocrx_word' id='word_1_65' title='bbox 1215 1853 1321 1929; x_wconf 81' lang='lat' dir='ltr'>Roll&#39;e</span> <span class='ocrx_word' id='word_1_66' title='bbox 1356 1860 1534 1941; x_wconf 69' lang='lat' dir='ltr'>mauricio</span> <span class='ocrx_word' id='word_1_67' title='bbox 1576 1860 1622 1932; x_wconf 89' lang='lat' dir='ltr'>de</span> <span class='ocrx_word' id='word_1_68' title='bbox 1657 1858 1822 1934; x_wconf 85' lang='lat' dir='ltr'>Moravia</span> 
     </span>
     <span class='ocr_line' id='line_1_9' title="bbox 377 1991 1822 2092; baseline 0.001 -25"><span class='ocrx_word' id='word_1_69' title='bbox 377 1994 647 2092; x_wconf 78' lang='lat' dir='ltr'>consanguineis</span> <span class='ocrx_word' id='word_1_70' title='bbox 679 1991 807 2068; x_wconf 86' lang='lat' dir='ltr'>nostris</span> <span class='ocrx_word' id='word_1_71' title='bbox 842 1994 1039 2068; x_wconf 90' lang='lat' dir='ltr'>Malcolmo</span> <span class='ocrx_word' id='word_1_72' title='bbox 1074 1994 1251 2089; x_wconf 84' lang='lat' dir='ltr'>Flemyug</span> <span class='ocrx_word' id='word_1_73' title='bbox 1278 1992 1467 2065; x_wconf 88' lang='lat' dir='ltr'>Willelmo</span> <span class='ocrx_word' id='word_1_74' title='bbox 1501 1997 1547 2067; x_wconf 92' lang='lat' dir='ltr'>de</span> <span class='ocrx_word' id='word_1_75' title='bbox 1579 1994 1750 2091; x_wconf 82' lang='lat' dir='ltr'>Dowglas</span> <span class='ocrx_word' id='word_1_76' title='bbox 1783 2006 1822 2069; x_wconf 89' lang='lat' dir='ltr'>et</span> 
     </span>
     <span class='ocr_line' id='line_1_10' title="bbox 376 2126 1821 2225; baseline 0.001 -22"><span class='ocrx_word' id='word_1_77' title='bbox 376 2130 515 2203; x_wconf 84' lang='lat' dir='ltr'>Thema</span> <span class='ocrx_word' id='word_1_78' title='bbox 539 2134 584 2204; x_wconf 90' lang='lat' dir='ltr'>de</span> <span class='ocrx_word' id='word_1_79' title='bbox 613 2130 774 2205; x_wconf 87' lang='lat' dir='ltr'>Cernoco</span> <span class='ocrx_word' id='word_1_80' title='bbox 800 2131 1012 2204; x_wconf 85' lang='lat' dir='ltr'>cancellario</span> <span class='ocrx_word' id='word_1_81' title='bbox 1039 2126 1159 2201; x_wconf 83' lang='lat' dir='ltr'>nostro</span> <span class='ocrx_word' id='word_1_82' title='bbox 1183 2129 1360 2201; x_wconf 87' lang='lat' dir='ltr'>militibus</span> <span class='ocrx_word' id='word_1_83' title='bbox 1389 2132 1428 2199; x_wconf 92' lang='lat' dir='ltr'>in</span> <span class='ocrx_word' id='word_1_84' title='bbox 1451 2130 1559 2223; x_wconf 92' lang='lat' dir='ltr'>pleno</span> <span class='ocrx_word' id='word_1_85' title='bbox 1583 2131 1821 2225; x_wconf 88' lang='lat' dir='ltr'>parliamento</span> 
     </span>
     <span class='ocr_line' id='line_1_11' title="bbox 378 2263 1820 2363; baseline 0.002 -26"><span class='ocrx_word' id='word_1_86' title='bbox 378 2263 496 2338; x_wconf 88' lang='lat' dir='ltr'>nostro</span> <span class='ocrx_word' id='word_1_87' title='bbox 513 2276 616 2338; x_wconf 90' lang='lat' dir='ltr'>tento</span> <span class='ocrx_word' id='word_1_88' title='bbox 633 2264 744 2360; x_wconf 80' lang='lat' dir='ltr'>Apud</span> <span class='ocrx_word' id='word_1_89' title='bbox 763 2264 919 2339; x_wconf 81' lang='lat' dir='ltr'>Scopam</span> <span class='ocrx_word' id='word_1_90' title='bbox 935 2265 1086 2360; x_wconf 90' lang='lat' dir='ltr'>septimo</span> <span class='ocrx_word' id='word_1_91' title='bbox 1114 2266 1253 2338; x_wconf 91' lang='lat' dir='ltr'>decimo</span> <span class='ocrx_word' id='word_1_92' title='bbox 1279 2267 1337 2338; x_wconf 91' lang='lat' dir='ltr'>die</span> <span class='ocrx_word' id='word_1_93' title='bbox 1362 2264 1586 2359; x_wconf 82' lang='lat' dir='ltr'>Septembris</span> <span class='ocrx_word' id='word_1_94' title='bbox 1609 2292 1703 2339; x_wconf 91' lang='lat' dir='ltr'>anno</span> <span class='ocrx_word' id='word_1_95' title='bbox 1719 2272 1820 2363; x_wconf 86' lang='lat' dir='ltr'>regui</span> 
     </span>
     <span class='ocr_line' id='line_1_12' title="bbox 377 2399 778 2475; baseline -0.005 -2"><span class='ocrx_word' id='word_1_96' title='bbox 377 2399 487 2474; x_wconf 89' lang='lat' dir='ltr'>nostri</span> <span class='ocrx_word' id='word_1_97' title='bbox 503 2403 612 2475; x_wconf 87' lang='lat' dir='ltr'>tertio</span> <span class='ocrx_word' id='word_1_98' title='bbox 629 2402 778 2475; x_wconf 86' lang='lat' dir='ltr'>decimo.</span> 
     </span>
    </p>
   </div>
   <div class='ocr_carea' id='block_1_4' title="bbox 379 2668 1575 2767">
    <p class='ocr_par' dir='ltr' id='par_1_4' title="bbox 379 2668 1575 2767">
     <span class='ocr_line' id='line_1_13' title="bbox 379 2668 1575 2767; baseline 0 -23"><span class='ocrx_word' id='word_1_99' title='bbox 379 2672 489 2744; x_wconf 83' lang='lat' dir='ltr'>Certe</span> <span class='ocrx_word' id='word_1_100' title='bbox 505 2670 654 2744; x_wconf 78' lang='lat' dir='ltr'>Davidis</span> <span class='ocrx_word' id='word_1_101' title='bbox 671 2670 782 2765; x_wconf 80' lang='lat' dir='ltr'>Regis</span> <span class='ocrx_word' id='word_1_102' title='bbox 798 2668 1060 2744; x_wconf 84' lang='lat' dir='ltr'>confirmatoria</span> <span class='ocrx_word' id='word_1_103' title='bbox 1077 2672 1237 2767; x_wconf 79' lang='lat' dir='ltr'>thanagii</span> <span class='ocrx_word' id='word_1_104' title='bbox 1255 2673 1300 2743; x_wconf 89' lang='lat' dir='ltr'>de</span> <span class='ocrx_word' id='word_1_105' title='bbox 1318 2671 1446 2744; x_wconf 84' lang='lat' dir='ltr'>Scene.</span> <span class='ocrx_word' id='word_1_106' title='bbox 1570 2668 1575 2679; x_wconf 79' lang='grc'><strong>’</strong></span> 
     </span>
    </p>
   </div>
   <div class='ocr_carea' id='block_1_5' title="bbox 280 2914 1830 4929">
    <p class='ocr_par' dir='ltr' id='par_1_5' title="bbox 280 2914 1830 4929">
     <span class='ocr_line' id='line_1_14' title="bbox 280 2914 1825 3034; baseline 0 -23"><span class='ocrx_word' id='word_1_107' title='bbox 280 2939 363 3004; x_wconf 83' lang='lat'>151·</span> <span class='ocrx_word' id='word_1_108' title='bbox 384 2914 519 3011; x_wconf 77' lang='lat' dir='ltr'>David</span> <span class='ocrx_word' id='word_1_109' title='bbox 548 2937 621 3011; x_wconf 91' lang='lat' dir='ltr'>Dei</span> <span class='ocrx_word' id='word_1_110' title='bbox 646 2940 761 3034; x_wconf 80' lang='lat' dir='ltr'>gratia</span> <span class='ocrx_word' id='word_1_111' title='bbox 784 2938 865 3011; x_wconf 89' lang='lat' dir='ltr'>Rex</span> <span class='ocrx_word' id='word_1_112' title='bbox 889 2937 1097 3011; x_wconf 89' lang='lat' dir='ltr'>Scottorum</span> <span class='ocrx_word' id='word_1_113' title='bbox 1122 2936 1302 3011; x_wconf 88' lang='lat' dir='ltr'>Omnibus</span> <span class='ocrx_word' id='word_1_114' title='bbox 1330 2941 1451 3034; x_wconf 90' lang='lat' dir='ltr'>probis</span> <span class='ocrx_word' id='word_1_115' title='bbox 1479 2940 1684 3011; x_wconf 89' lang='lat' dir='ltr'>hominibus</span> <span class='ocrx_word' id='word_1_116' title='bbox 1713 2944 1825 3013; x_wconf 84' lang='lat' dir='ltr'>totius</span> 
     </span>
     <span class='ocr_line' id='line_1_15' title="bbox 379 3068 1825 3168; baseline 0 -21"><span class='ocrx_word' id='word_1_117' title='bbox 379 3083 475 3147; x_wconf 85' lang='lat' dir='ltr'>terre</span> <span class='ocrx_word' id='word_1_118' title='bbox 491 3072 554 3146; x_wconf 92' lang='lat' dir='ltr'>sue</span> <span class='ocrx_word' id='word_1_119' title='bbox 569 3072 722 3147; x_wconf 81' lang='lat' dir='ltr'>salutem</span> <span class='ocrx_word' id='word_1_120' title='bbox 757 3074 888 3147; x_wconf 83' lang='lat' dir='ltr'>Sciatis</span> <span class='ocrx_word' id='word_1_121' title='bbox 912 3096 978 3147; x_wconf 87' lang='lat' dir='ltr'>nos</span> <span class='ocrx_word' id='word_1_122' title='bbox 994 3070 1181 3168; x_wconf 81' lang='lat' dir='ltr'>inspexisse</span> <span class='ocrx_word' id='word_1_123' title='bbox 1206 3097 1247 3145; x_wconf 87' lang='lat' dir='ltr'>ae</span> <span class='ocrx_word' id='word_1_124' title='bbox 1264 3075 1440 3145; x_wconf 83' lang='lat' dir='ltr'>veraciter</span> <span class='ocrx_word' id='word_1_125' title='bbox 1456 3068 1672 3146; x_wconf 83' lang='lat' dir='ltr'>intellexisse</span> <span class='ocrx_word' id='word_1_126' title='bbox 1689 3084 1825 3147; x_wconf 84' lang='lat' dir='ltr'>cartam</span> 
     </span>
     <span class='ocr_line' id='line_1_16' title="bbox 381 3204 1825 3305; baseline 0.001 -23"><span class='ocrx_word' id='word_1_127' title='bbox 381 3211 518 3282; x_wconf 91' lang='lat' dir='ltr'>domini</span> <span class='ocrx_word' id='word_1_128' title='bbox 530 3212 642 3303; x_wconf 87' lang='lat' dir='ltr'>putris</span> <span class='ocrx_word' id='word_1_129' title='bbox 657 3204 768 3281; x_wconf 86' lang='lat' dir='ltr'>nostri</span> <span class='ocrx_word' id='word_1_130' title='bbox 781 3210 910 3283; x_wconf 78' lang='lat' dir='ltr'>latiam</span> <span class='ocrx_word' id='word_1_131' title='bbox 922 3205 1092 3305; x_wconf 79' lang='lat' dir='ltr'>religiosus</span> <span class='ocrx_word' id='word_1_132' title='bbox 1106 3210 1190 3280; x_wconf 87' lang='lat' dir='ltr'>viris</span> <span class='ocrx_word' id='word_1_133' title='bbox 1208 3208 1346 3282; x_wconf 79' lang='lat' dir='ltr'>Abbati</span> <span class='ocrx_word' id='word_1_134' title='bbox 1359 3219 1397 3281; x_wconf 80' lang='lat' dir='ltr'>et</span> <span class='ocrx_word' id='word_1_135' title='bbox 1410 3210 1606 3282; x_wconf 83' lang='lat' dir='ltr'>conventui</span> <span class='ocrx_word' id='word_1_136' title='bbox 1621 3208 1825 3305; x_wconf 86' lang='lat' dir='ltr'>monasterij</span> 
     </span>
     <span class='ocr_line' id='line_1_17' title="bbox 383 3340 1827 3439; baseline 0.002 -22"><span class='ocrx_word' id='word_1_137' title='bbox 383 3347 429 3419; x_wconf 92' lang='lat' dir='ltr'>de</span> <span class='ocrx_word' id='word_1_138' title='bbox 446 3344 566 3419; x_wconf 88' lang='lat' dir='ltr'>Scoua</span> <span class='ocrx_word' id='word_1_139' title='bbox 581 3369 654 3418; x_wconf 93' lang='lat' dir='ltr'>non</span> <span class='ocrx_word' id='word_1_140' title='bbox 667 3345 839 3419; x_wconf 88' lang='lat' dir='ltr'>abolitam</span> <span class='ocrx_word' id='word_1_141' title='bbox 855 3369 929 3418; x_wconf 90' lang='lat' dir='ltr'>non</span> <span class='ocrx_word' id='word_1_142' title='bbox 946 3346 1181 3419; x_wconf 88' lang='lat' dir='ltr'>cancellatam</span> <span class='ocrx_word' id='word_1_143' title='bbox 1198 3368 1266 3417; x_wconf 84' lang='lat' dir='ltr'>nec</span> <span class='ocrx_word' id='word_1_144' title='bbox 1282 3347 1321 3415; x_wconf 90' lang='lat' dir='ltr'>in</span> <span class='ocrx_word' id='word_1_145' title='bbox 1337 3345 1457 3438; x_wconf 88' lang='lat' dir='ltr'>aliqua</span> <span class='ocrx_word' id='word_1_146' title='bbox 1470 3342 1523 3417; x_wconf 87' lang='lat' dir='ltr'>sui</span> <span class='ocrx_word' id='word_1_147' title='bbox 1539 3355 1643 3439; x_wconf 88' lang='lat' dir='ltr'>parte</span> <span class='ocrx_word' id='word_1_148' title='bbox 1659 3340 1827 3420; x_wconf 71' lang='lat' dir='ltr'>‘viciatam</span> 
     </span>
     <span class='ocr_line' id='line_1_18' title="bbox 383 3479 1826 3578; baseline -0.001 -23"><span class='ocrx_word' id='word_1_149' title='bbox 383 3486 420 3555; x_wconf 93' lang='lat' dir='ltr'>in</span> <span class='ocrx_word' id='word_1_150' title='bbox 449 3483 517 3555; x_wconf 92' lang='lat' dir='ltr'>hec</span> <span class='ocrx_word' id='word_1_151' title='bbox 545 3481 656 3555; x_wconf 83' lang='lat' dir='ltr'>verba</span> <span class='ocrx_word' id='word_1_152' title='bbox 688 3481 870 3554; x_wconf 86' lang='lat' dir='ltr'>Robertns</span> <span class='ocrx_word' id='word_1_153' title='bbox 898 3481 968 3554; x_wconf 92' lang='lat' dir='ltr'>Dei</span> <span class='ocrx_word' id='word_1_154' title='bbox 994 3484 1111 3577; x_wconf 79' lang='lat' dir='ltr'>gratia</span> <span class='ocrx_word' id='word_1_155' title='bbox 1135 3482 1217 3553; x_wconf 84' lang='lat' dir='ltr'>Rex</span> <span class='ocrx_word' id='word_1_156' title='bbox 1251 3479 1459 3554; x_wconf 84' lang='lat' dir='ltr'>Scottorum</span> <span class='ocrx_word' id='word_1_157' title='bbox 1488 3482 1548 3577; x_wconf 56' lang='lat'>[3⁴</span> <span class='ocrx_word' id='word_1_158' title='bbox 1570 3482 1739 3578; x_wconf 77' lang='lat' dir='ltr'>utsupra</span> <span class='ocrx_word' id='word_1_159' title='bbox 1759 3480 1826 3557; x_wconf 89' lang='lat' dir='ltr'>No.</span> 
     </span>
     <span class='ocr_line' id='line_1_19' title="bbox 385 3614 1828 3711; baseline 0.004 -23"><span class='ocrx_word' id='word_1_160' title='bbox 385 3614 486 3711; x_wconf 76' lang='lat' dir='ltr'>lau]</span> <span class='ocrx_word' id='word_1_161' title='bbox 551 3616 670 3703; x_wconf 84' lang='lat' dir='ltr'>Quam</span> <span class='ocrx_word' id='word_1_162' title='bbox 704 3617 850 3710; x_wconf 91' lang='lat' dir='ltr'>quidem</span> <span class='ocrx_word' id='word_1_163' title='bbox 883 3616 1029 3691; x_wconf 79' lang='lat' dir='ltr'>Cariam</span> <span class='ocrx_word' id='word_1_164' title='bbox 1063 3620 1101 3687; x_wconf 90' lang='lat' dir='ltr'>in</span> <span class='ocrx_word' id='word_1_165' title='bbox 1135 3617 1301 3688; x_wconf 90' lang='lat' dir='ltr'>omuibus</span> <span class='ocrx_word' id='word_1_166' title='bbox 1333 3619 1475 3710; x_wconf 78' lang='lat' dir='ltr'>punitis</span> <span class='ocrx_word' id='word_1_167' title='bbox 1508 3619 1668 3693; x_wconf 79' lang='lat' dir='ltr'>articulis</span> <span class='ocrx_word' id='word_1_168' title='bbox 1707 3622 1828 3693; x_wconf 88' lang='lat' dir='ltr'>eondi-</span> 
     </span>
     <span class='ocr_line' id='line_1_20' title="bbox 383 3749 1828 3845; baseline 0.003 -20"><span class='ocrx_word' id='word_1_169' title='bbox 383 3752 542 3825; x_wconf 88' lang='lat' dir='ltr'>tionibus</span> <span class='ocrx_word' id='word_1_170' title='bbox 573 3761 612 3825; x_wconf 85' lang='lat' dir='ltr'>et</span> <span class='ocrx_word' id='word_1_171' title='bbox 640 3749 915 3826; x_wconf 86' lang='lat' dir='ltr'>circumstantiis</span> <span class='ocrx_word' id='word_1_172' title='bbox 943 3750 1015 3825; x_wconf 86' lang='lat' dir='ltr'>suis</span> <span class='ocrx_word' id='word_1_173' title='bbox 1043 3754 1159 3824; x_wconf 84' lang='lat' dir='ltr'>forma</span> <span class='ocrx_word' id='word_1_174' title='bbox 1191 3753 1326 3845; x_wconf 87' lang='lat' dir='ltr'>pariter</span> <span class='ocrx_word' id='word_1_175' title='bbox 1359 3763 1396 3824; x_wconf 87' lang='lat' dir='ltr'>et</span> <span class='ocrx_word' id='word_1_176' title='bbox 1431 3752 1560 3825; x_wconf 74' lang='lat' dir='ltr'>eilettu</span> <span class='ocrx_word' id='word_1_177' title='bbox 1594 3753 1675 3827; x_wconf 88' lang='lat' dir='ltr'>Nos</span> <span class='ocrx_word' id='word_1_178' title='bbox 1708 3758 1828 3829; x_wconf 85' lang='lat' dir='ltr'>divine</span> 
     </span>
     <span class='ocr_line' id='line_1_21' title="bbox 385 3886 1827 3982; baseline 0.001 -21"><span class='ocrx_word' id='word_1_179' title='bbox 385 3889 543 3961; x_wconf 75' lang='lat' dir='ltr'>mritatis</span> <span class='ocrx_word' id='word_1_180' title='bbox 569 3888 704 3961; x_wconf 90' lang='lat' dir='ltr'>intuitu</span> <span class='ocrx_word' id='word_1_181' title='bbox 732 3895 771 3960; x_wconf 92' lang='lat' dir='ltr'>et</span> <span class='ocrx_word' id='word_1_182' title='bbox 797 3910 861 3982; x_wconf 87' lang='lat' dir='ltr'>pro</span> <span class='ocrx_word' id='word_1_183' title='bbox 886 3886 1000 3961; x_wconf 87' lang='lat' dir='ltr'>salute</span> <span class='ocrx_word' id='word_1_184' title='bbox 1027 3890 1145 3961; x_wconf 88' lang='lat' dir='ltr'>anime</span> <span class='ocrx_word' id='word_1_185' title='bbox 1175 3886 1295 3960; x_wconf 90' lang='lat' dir='ltr'>nostre</span> <span class='ocrx_word' id='word_1_186' title='bbox 1323 3898 1362 3960; x_wconf 87' lang='lat' dir='ltr'>et</span> <span class='ocrx_word' id='word_1_187' title='bbox 1390 3911 1454 3981; x_wconf 89' lang='lat' dir='ltr'>pro</span> <span class='ocrx_word' id='word_1_188' title='bbox 1483 3887 1599 3962; x_wconf 90' lang='lat' dir='ltr'>salute</span> <span class='ocrx_word' id='word_1_189' title='bbox 1628 3892 1827 3963; x_wconf 85' lang='lat' dir='ltr'>animarum</span> 
     </span>
     <span class='ocr_line' id='line_1_22' title="bbox 386 4018 1827 4120; baseline 0.003 -25"><span class='ocrx_word' id='word_1_190' title='bbox 386 4025 545 4095; x_wconf 90' lang='lat' dir='ltr'>omnium</span> <span class='ocrx_word' id='word_1_191' title='bbox 562 4018 819 4096; x_wconf 77' lang='lat' dir='ltr'>antecessorum</span> <span class='ocrx_word' id='word_1_192' title='bbox 835 4031 875 4095; x_wconf 90' lang='lat' dir='ltr'>et</span> <span class='ocrx_word' id='word_1_193' title='bbox 890 4018 1125 4096; x_wconf 84' lang='lat' dir='ltr'>successorum</span> <span class='ocrx_word' id='word_1_194' title='bbox 1141 4020 1342 4095; x_wconf 89' lang='lat' dir='ltr'>nostrorum</span> <span class='ocrx_word' id='word_1_195' title='bbox 1359 4024 1575 4097; x_wconf 84' lang='lat' dir='ltr'>ratificamus</span> <span class='ocrx_word' id='word_1_196' title='bbox 1591 4027 1827 4120; x_wconf 78' lang='lat' dir='ltr'>approbamus</span> 
     </span>
     <span class='ocr_line' id='line_1_23' title="bbox 386 4154 1829 4255; baseline -0.001 -22"><span class='ocrx_word' id='word_1_197' title='bbox 386 4169 424 4233; x_wconf 87' lang='lat' dir='ltr'>et</span> <span class='ocrx_word' id='word_1_198' title='bbox 440 4168 566 4231; x_wconf 89' lang='lat' dir='ltr'>tenore</span> <span class='ocrx_word' id='word_1_199' title='bbox 582 4154 755 4251; x_wconf 87' lang='lat' dir='ltr'>presentis</span> <span class='ocrx_word' id='word_1_200' title='bbox 789 4166 887 4231; x_wconf 90' lang='lat' dir='ltr'>carte</span> <span class='ocrx_word' id='word_1_201' title='bbox 908 4154 1026 4231; x_wconf 86' lang='lat' dir='ltr'>nostre</span> <span class='ocrx_word' id='word_1_202' title='bbox 1049 4182 1114 4253; x_wconf 91' lang='lat' dir='ltr'>pro</span> <span class='ocrx_word' id='word_1_203' title='bbox 1138 4158 1243 4231; x_wconf 88' lang='lat' dir='ltr'>nobis</span> <span class='ocrx_word' id='word_1_204' title='bbox 1260 4168 1299 4231; x_wconf 90' lang='lat' dir='ltr'>et</span> <span class='ocrx_word' id='word_1_205' title='bbox 1320 4160 1512 4232; x_wconf 89' lang='lat' dir='ltr'>heredibus</span> <span class='ocrx_word' id='word_1_206' title='bbox 1537 4158 1666 4232; x_wconf 88' lang='lat' dir='ltr'>nostris</span> <span class='ocrx_word' id='word_1_207' title='bbox 1691 4163 1729 4232; x_wconf 94' lang='lat' dir='ltr'>in</span> <span class='ocrx_word' id='word_1_208' title='bbox 1748 4186 1829 4255; x_wconf 85' lang='lat' dir='ltr'>per-</span> 
     </span>
     <span class='ocr_line' id='line_1_24' title="bbox 385 4290 1830 4389; baseline 0.002 -22"><span class='ocrx_word' id='word_1_209' title='bbox 385 4304 537 4389; x_wconf 89' lang='lat' dir='ltr'>petnum</span> <span class='ocrx_word' id='word_1_210' title='bbox 563 4293 813 4365; x_wconf 87' lang='lat' dir='ltr'>confirmamus</span> <span class='ocrx_word' id='word_1_211' title='bbox 862 4291 908 4365; x_wconf 92' lang='lat' dir='ltr'>In</span> <span class='ocrx_word' id='word_1_212' title='bbox 931 4293 1033 4387; x_wconf 84' lang='lat' dir='ltr'>cujus</span> <span class='ocrx_word' id='word_1_213' title='bbox 1061 4296 1114 4367; x_wconf 89' lang='lat' dir='ltr'>rei</span> <span class='ocrx_word' id='word_1_214' title='bbox 1140 4290 1385 4367; x_wconf 85' lang='lat' dir='ltr'>testimonium</span> <span class='ocrx_word' id='word_1_215' title='bbox 1412 4292 1567 4387; x_wconf 91' lang='lat' dir='ltr'>presenti</span> <span class='ocrx_word' id='word_1_216' title='bbox 1587 4305 1686 4368; x_wconf 84' lang='lat' dir='ltr'>carte</span> <span class='ocrx_word' id='word_1_217' title='bbox 1710 4295 1830 4370; x_wconf 86' lang='lat' dir='ltr'>nostre</span> 
     </span>
     <span class='ocr_line' id='line_1_25' title="bbox 386 4424 1828 4527; baseline 0.002 -25"><span class='ocrx_word' id='word_1_218' title='bbox 386 4428 542 4526; x_wconf 75' lang='lat' dir='ltr'>tigillum</span> <span class='ocrx_word' id='word_1_219' title='bbox 567 4426 727 4501; x_wconf 87' lang='lat' dir='ltr'>nostrum</span> <span class='ocrx_word' id='word_1_220' title='bbox 754 4430 977 4522; x_wconf 85' lang='lat' dir='ltr'>precepimus</span> <span class='ocrx_word' id='word_1_221' title='bbox 1003 4432 1133 4525; x_wconf 89' lang='lat' dir='ltr'>apponi</span> <span class='ocrx_word' id='word_1_222' title='bbox 1187 4426 1352 4503; x_wconf 75' lang='lat' dir='ltr'>&#39;festibus</span> <span class='ocrx_word' id='word_1_223' title='bbox 1379 4424 1641 4504; x_wconf 66' lang='lat' dir='ltr'>vensrabilibus</span> <span class='ocrx_word' id='word_1_224' title='bbox 1666 4436 1828 4527; x_wconf 89' lang='lat' dir='ltr'>patribus</span> 
     </span>
     <span class='ocr_line' id='line_1_26' title="bbox 388 4562 1828 4662; baseline 0.003 -25"><span class='ocrx_word' id='word_1_225' title='bbox 388 4566 542 4637; x_wconf 88' lang='lat' dir='ltr'>dominis</span> <span class='ocrx_word' id='word_1_226' title='bbox 573 4562 762 4637; x_wconf 89' lang='lat' dir='ltr'>Willelmo</span> <span class='ocrx_word' id='word_1_227' title='bbox 791 4562 934 4659; x_wconf 79' lang='lat' dir='ltr'>Rogero</span> <span class='ocrx_word' id='word_1_228' title='bbox 967 4563 1177 4639; x_wconf 78' lang='lat' dir='ltr'>Alexandro</span> <span class='ocrx_word' id='word_1_229' title='bbox 1207 4575 1247 4638; x_wconf 92' lang='lat' dir='ltr'>et</span> <span class='ocrx_word' id='word_1_230' title='bbox 1279 4563 1400 4638; x_wconf 81' lang='lat' dir='ltr'>Adam</span> <span class='ocrx_word' id='word_1_231' title='bbox 1434 4564 1643 4662; x_wconf 75' lang='lat' dir='ltr'>Glasguenfi</span> <span class='ocrx_word' id='word_1_232' title='bbox 1670 4567 1828 4641; x_wconf 72' lang='lat' dir='ltr'>Roseus]</span> 
     </span>
     <span class='ocr_line' id='line_1_27' title="bbox 388 4694 1829 4796; baseline 0.003 -23"><span class='ocrx_word' id='word_1_233' title='bbox 388 4694 601 4773; x_wconf 86' lang='lat' dir='ltr'>Abirdouefi</span> <span class='ocrx_word' id='word_1_234' title='bbox 631 4706 670 4771; x_wconf 88' lang='lat' dir='ltr'>et</span> <span class='ocrx_word' id='word_1_235' title='bbox 694 4696 924 4772; x_wconf 87' lang='lat' dir='ltr'>Brccbiuenfi</span> <span class='ocrx_word' id='word_1_236' title='bbox 956 4698 1184 4774; x_wconf 84' lang='lat' dir='ltr'>ecclesiarum</span> <span class='ocrx_word' id='word_1_237' title='bbox 1213 4699 1285 4773; x_wconf 90' lang='lat' dir='ltr'>Dei</span> <span class='ocrx_word' id='word_1_238' title='bbox 1311 4702 1426 4795; x_wconf 80' lang='lat' dir='ltr'>gratia</span> <span class='ocrx_word' id='word_1_239' title='bbox 1453 4700 1637 4796; x_wconf 89' lang='lat' dir='ltr'>Episcopis</span> <span class='ocrx_word' id='word_1_240' title='bbox 1667 4702 1829 4777; x_wconf 87' lang='lat' dir='ltr'>Roberto</span> 
     </span>
     <span class='ocr_line' id='line_1_28' title="bbox 388 4831 1830 4929; baseline 0.001 -19"><span class='ocrx_word' id='word_1_241' title='bbox 388 4831 580 4910; x_wconf 90' lang='lat' dir='ltr'>senescallo</span> <span class='ocrx_word' id='word_1_242' title='bbox 606 4834 730 4908; x_wconf 85' lang='lat' dir='ltr'>Scotie</span> <span class='ocrx_word' id='word_1_243' title='bbox 758 4844 891 4929; x_wconf 88' lang='lat' dir='ltr'>nepote</span> <span class='ocrx_word' id='word_1_244' title='bbox 919 4834 1038 4909; x_wconf 87' lang='lat' dir='ltr'>nostro</span> <span class='ocrx_word' id='word_1_245' title='bbox 1066 4834 1223 4908; x_wconf 88' lang='lat' dir='ltr'>Patricio</span> <span class='ocrx_word' id='word_1_246' title='bbox 1250 4836 1297 4908; x_wconf 87' lang='lat' dir='ltr'>de</span> <span class='ocrx_word' id='word_1_247' title='bbox 1326 4834 1477 4909; x_wconf 85' lang='lat' dir='ltr'>Dunbar</span> <span class='ocrx_word' id='word_1_248' title='bbox 1505 4839 1637 4910; x_wconf 85' lang='lat' dir='ltr'>comite</span> <span class='ocrx_word' id='word_1_249' title='bbox 1665 4836 1830 4912; x_wconf 86' lang='lat' dir='ltr'>Marchie</span> 
     </span>
    </p>
   </div>
   <div class='ocr_carea' id='block_1_6' title="bbox 391 4968 1831 5133">
    <p class='ocr_par' dir='ltr' id='par_1_6' title="bbox 391 4968 1831 5133">
     <span class='ocr_line' id='line_1_29' title="bbox 391 4968 1831 5133; baseline 0.001 -87"><span class='ocrx_word' id='word_1_250' title='bbox 391 4969 580 5045; x_wconf 87' lang='lat' dir='ltr'>Willelmo</span> <span class='ocrx_word' id='word_1_251' title='bbox 608 4972 741 5045; x_wconf 88' lang='lat' dir='ltr'>comite</span> <span class='ocrx_word' id='word_1_252' title='bbox 768 4972 814 5044; x_wconf 90' lang='lat' dir='ltr'>de</span> <span class='ocrx_word' id='word_1_253' title='bbox 840 4969 930 5045; x_wconf 82' lang='lat' dir='ltr'>Rosa</span> <span class='ocrx_word' id='word_1_254' title='bbox 955 4969 1216 5068; x_wconf 77' lang='lat' dir='ltr'>consanguineo</span> <span class='ocrx_word' id='word_1_255' title='bbox 1243 4968 1364 5043; x_wconf 85' lang='lat' dir='ltr'>nostro</span> <span class='ocrx_word' id='word_1_256' title='bbox 1389 4970 1567 5045; x_wconf 87' lang='lat' dir='ltr'>Mauricio</span> <span class='ocrx_word' id='word_1_257' title='bbox 1594 4975 1640 5045; x_wconf 92' lang='lat' dir='ltr'>de</span> <span class='ocrx_word' id='word_1_258' title='bbox 1666 4972 1831 5133; x_wconf 50' lang='lat' dir='ltr'>Merena</span> 
     </span>
    </p>
   </div>
   <div class='ocr_carea' id='block_1_7' title="bbox 0 0 2485 6500">
    <p class='ocr_par' dir='ltr' id='par_1_7' title="bbox 0 0 2485 6500">
     <span class='ocr_line' id='line_1_30' title="bbox 0 0 2485 6500; baseline 0 0"><span class='ocrx_word' id='word_1_259' title='bbox 0 0 2485 6500; x_wconf 95' lang='lat' dir='ltr'> </span> 
     </span>
    </p>
   </div>
  </div>
 </body>
</html>
