4917 6509
711 898 778 971 162
1219 890 1376 966 LIBER
1400 888 1648 965 EGCLESIE
2005 910 2080 965 suc.
2093 910 2157 962 xv.

706 1094 1002 1167 uddoneriorum
1029 1091 1169 1165 firmam
1192 1092 1336 1165 fuerunt
1361 1088 1516 1164 effedete
1541 1093 1726 1187 percipere
1753 1087 2015 1163 consueverunt
2042 1086 2158 1161 Vobis

705 1234 815 1328 igitur
830 1233 981 1304 firmiter
997 1232 1225 1326 precipiendo
1241 1230 1453 1303 mandamus
1477 1238 1656 1322 quotenus
1681 1229 1792 1301 didus
1809 1238 1922 1301 terres
1940 1229 1985 1300 de
2003 1226 2102 1299 Roth
2119 1237 2159 1299 et

705 1372 750 1443 de
766 1370 969 1465 kynfnwnis
995 1379 1034 1442 et
1058 1370 1170 1441 libere
1195 1376 1364 1442 tenentes
1381 1366 1578 1439 eorundem
1593 1389 1736 1439 necnon
1753 1364 1895 1439 eusdem
1912 1367 2157 1438 inhabitantes

698 1506 796 1602 juste
813 1517 852 1581 et
868 1503 943 1580 fine
960 1508 1132 1579 dilutione
1150 1504 1374 1601 compelletis
1391 1506 1436 1577 ed
1452 1502 1739 1579 sstiffeciendum
1764 1506 1867 1578 dictis
1883 1500 2055 1600 religiosis
2072 1506 2157 1576 viris

705 1646 762 1719 vel
779 1644 850 1719 suis
866 1649 905 1717 in
921 1647 988 1719 hac
1004 1655 1107 1739 perte
1132 1644 1315 1738 deputetis
1332 1644 1379 1715 de
1396 1644 1499 1716 diesis
1523 1640 1688 1715 secundis
1713 1644 1862 1716 decimis
1889 1643 1934 1714 de
1960 1651 2041 1715 toto
2065 1653 2158 1715 tem·

705 1808 791 1879 pore
803 1782 980 1857 transcdto
998 1806 1069 1876 quo
1085 1780 1223 1855 seilicet
1235 1783 1282 1854 ab
1295 1778 1450 1876 ipserum
1466 1779 1645 1853 solutione
1657 1778 1828 1854 ceffstum
1842 1782 1960 1853 flueret
1973 1780 2024 1852 Et
2036 1776 2158 1852 fimili·

706 1935 762 1996 ter
784 1924 830 1995 de
846 1923 1010 1995 terminis
1028 1929 1066 1993 et
1088 1920 1312 2014 temporibus
1330 1919 1409 2012 jam
1433 1918 1565 1991 futuris
1590 1918 1651 1991 Ite
1672 1921 1768 2013 quod
1790 1942 1855 2014 pro
1872 1915 1989 1991 vestro
2014 1918 2158 1991 defedu

704 2085 777 2134 non
794 2068 958 2156 oportent
978 2061 1090 2132 didos
1106 2054 1287 2154 religiosos
1311 2058 1464 2131 ulterius
1489 2056 1596 2161 super
1618 2057 1688 2130 hoc
1712 2057 1757 2130 od
1783 2080 1849 2130 nos
1873 2080 2056 2129 recurrere
2071 2078 2157 2128 con·

704 2198 886 2291 querendo
903 2194 949 2269 In
967 2197 1068 2290 cujus
1084 2198 1136 2269 rei
1154 2191 1401 2267 testimonium
1416 2196 1482 2268 hus
1498 2195 1621 2269 literas
1637 2190 1776 2268 noi’crns
1792 2196 1894 2267 vobis
1918 2191 2157 2267 ostendendus

705 2345 742 2407 et
757 2358 880 2430 ,penes
910 2336 1023 2407 dictos
1052 2330 1235 2430 religiosos
1261 2328 1483 2405 remansuras
1509 2334 1576 2405 sub
1600 2356 1731 2429 magno
1757 2332 1874 2428 sigillo
1907 2329 2028 2404 nostro
2060 2332 2155 2427 [fieri

705 2470 875 2568 fecimus]
902 2481 1070 2568 petentes
1095 2470 1205 2566 Apud
1233 2470 1446 2567 Edinburgh
1479 2481 1642 2566 tempore
1671 2471 1898 2567 parliamenti
1925 2468 2035 2543 nostri
2060 2469 2155 2542 tenti

703 2607 869 2683 vicesimo
904 2613 963 2683 die
996 2606 1127 2683 mensis
1151 2610 1235 2703 maij
1265 2608 1377 2681 Anno
1412 2609 1547 2681 domini
1580 2605 1770 2681 millefimo
1805 2604 2155 2705 quadringentesimo

703 2744 869 2821 vicesimo
885 2747 988 2819 sexto
1011 2745 1062 2819 Et
1078 2746 1195 2842 Regni
1213 2742 1324 2818 nostri
1341 2741 1507 2819 vicefimo
1524 2748 1640 2841 primo
1657 2786 1666 2801 ·

702 3019 867 3117 laqueo
884 3033 1039 3117 quotuor
1055 3022 1218 3116 particen}
1235 3022 1273 3091 in
1291 3020 1377 3093 villa
1394 3020 1440 3091 de
1457 3020 1642 3115 Strivelyn
1660 3062 1668 3079 ·

660 3363 667 3378 .
705 3274 907 3392 Inquificio
917 3299 1010 3371 fecta
1020 3296 1091 3369 fuit
1104 3292 1163 3390 opd
1174 3292 1304 3392 nuely
1314 3300 1398 3369 cord
1410 3277 1743 3391 Bpofitoubelliuis
1757 3293 1877 3369 eiusde
1888 3298 1945 3369 die
1958 3298 2045 3369 lune
2056 3296 2155 3393 p²mo

703 3438 761 3509 die
771 3432 878 3507 meni
888 3430 1045 3509 ocosse
1054 3455 1149 3504 anno
1160 3429 1222 3502 d'rii
1233 3429 1388 3502 miffimo
1401 3430 1612 3527 quadnge*
1625 3434 1802 3505 vndecies
1817 3457 1843 3525 p
1859 3431 1944 3505 istos
1960 3431 2155 3529 subsc¹ptos

702 3596 743 3666 v3
766 3568 901 3644 Johem
930 3570 1028 3665 lang‘
1057 3566 1191 3640 Johem
1219 3567 1365 3640 lorimsr
1387 3570 1537 3641 mathesi
1560 3567 1699 3665 g‘yden
1723 3567 1857 3643 Johem
1885 3570 1999 3666 wyn
2022 3574 2156 3646 andrei

702 3708 848 3782 Widmi
875 3705 1008 3779 Wiiim
1034 3727 1166 3800 conpar
1190 3701 1326 3777 Johem
1352 3706 1456 3777 febru
1482 3745 1491 3762 ·
1518 3704 1651 3778 Johem
1676 3703 1770 3779 scott
1793 3703 1927 3779 sonem
1953 3709 2083 3788 dauid(
2107 3712 2154 3782 de

702 3848 824 3921 drilew
841 3845 1025 3919 Richards
1041 3844 1144 3916 fnbn'1
1161 3882 1170 3900 ·
1187 3840 1289 3938 ysosc
1305 3844 1409 3916 fabrd
1425 3843 1565 3915 Thomd
1580 3845 1626 3917 de
1643 3844 1843 3917 tulileliane
1860 3854 1900 3918 et
1916 3842 2091 3940 stephanis
2109 3849 2155 3919 de

700 3983 842 4060 fforeste
858 3984 919 4079 qui
936 3982 960 4053 J
963 3981 1056 4054 urcti
1074 3982 1175 4055 dicut
1192 4004 1218 4078 q
1234 3990 1389 4075 quatuor
1402 3982 1540 4074 pticute
1557 3950 1620 4052 pre
1636 4004 1708 4075 que
1724 3980 1847 4077 wlgeri
1864 3986 1948 4055 noie
1965 3983 2106 4079 P[ortir
2117 3981 2152 4079 ἓ]

700 4124 792 4195 croft
808 4096 1038 4215 ndcupentur
1048 4119 1214 4213 jacentes
1232 4120 1271 4190 in
1286 4120 1400 4215 burgo
1417 4100 1512 4215 {ideo
1524 4089 1588 4190 ini)
1604 4089 1670 4192 Pro
1685 4117 1748 4192 diii
1766 4118 1912 4191 Wfflmi
1929 4122 1975 4193 de
1991 4123 2153 4197 menteth

700 4285 744 4335 ex
757 4270 822 4353 pte
834 4256 1048 4331 occidentali
1061 4280 1108 4329 cx
1121 4266 1185 4349 pte
1202 4278 1273 4329 vno
1283 4266 1309 4327 *t
1321 4258 1380 4329 vii
1390 4254 1453 4328 seu
1465 4257 1594 4330 venale
1610 4256 1730 4353 Regin
1742 4281 1790 4329 ex
1801 4266 1866 4352 pte
1878 4259 2018 4332 orietnii
2030 4284 2077 4332 ex
2089 4272 2154 4353 pte

699 4398 771 4472 slt‘
786 4398 905 4491 ptinet
920 4407 947 4466 *t
962 4392 1086 4491 ptine?
1103 4394 1252 4467 deberet
1268 4395 1313 4468 od
1331 4392 1530 4490 Religiosos
1547 4397 1641 4467 viros
1657 4396 1788 4485 abbate
1803 4406 1829 4467 *t
1842 4404 2003 4470 eduentir
2018 4396 2153 4473 ‹cones-

698 4512 748 4609 ‘t'ii
765 4536 812 4609 de
828 4532 988 4607 &onas
1005 4540 1077 4606 niro
1100 4530 1236 4605 existirt
1258 4534 1297 4604 in
1321 4533 1462 4627 monib3
1486 4531 1549 4605 dffi
1574 4531 1677 4629 Regi
1700 4532 1858 4629 p'ncipei
1881 4547 1907 4605 qt
1932 4535 2066 4629 cepitni
2089 4534 2152 4608 dni

697 4674 787 4762 illan
804 4680 958 4766 quatuor
973 4673 1136 4763 pticetuu
1162 4671 1209 4742 ob
1234 4670 1359 4743 defen
1383 4670 1487 4742 firme
1512 4668 1575 4743 sue
1600 4693 1641 4764 η
1665 4670 1760 4767 qnq,
1784 4671 1896 4744 donni
1920 4673 1966 4744 de
1991 4672 2152 4765 quolibet

697 4813 834 4903 pticets
850 4812 976 4882 inusti
993 4810 1068 4878 mie
1084 4804 1193 4878 solus
1210 4829 1233 4879 c
1248 4812 1333 4900 tepe
1353 4808 1441 4879 dece
1456 4812 1554 4895 iinon
1582 4808 1627 4879 In
1652 4809 1734 4881 cui?
1759 4808 1828 4881 Rei
1853 4808 2012 4883 testidim
2037 4805 2152 4905 figula

696 4948 843 5043 quondd
859 4947 921 5039 qui
938 4946 1005 5017 dde
1023 4940 1215 5037 Inquificdi
1243 4914 1409 5017 inderent
1433 4967 1505 5017 vno
1529 4952 1574 5018 cir
1602 4943 1715 5043 tigillo
1740 4946 1866 5020 bellini
1888 4948 1990 5019 breui
2015 4945 2152 5020 incluso

697 5085 818 5182 piitib3
834 5081 897 5156 sint
914 5079 1041 5178 eppese
1057 5083 1116 5153 die
1131 5086 1202 5154 dno
1218 5092 1244 5153 *t
1261 5082 1340 5154 loco
1356 5079 1536 5177 sup‘dint
1552 5121 1559 5140 ·
