<?xml version="1.0" encoding="UTF-8"?>
<!DOCTYPE html PUBLIC "-//W3C//DTD XHTML 1.0 Transitional//EN"
    "http://www.w3.org/TR/xhtml1/DTD/xhtml1-transitional.dtd">
<html xmlns="http://www.w3.org/1999/xhtml" xml:lang="en" lang="en">
 <head>
  <title>
</title>
<meta http-equiv="Content-Type" content="text/html;charset=utf-8" />
  <meta name='ocr-system' content='tesseract 3.04.00' />
  <meta name='ocr-capabilities' content='ocr_page ocr_carea ocr_par ocr_line ocrx_word'/>
</head>
<body>
  <div class='ocr_page' id='page_1' title='image "./liberecclesiede00abbegoog_0077.png"; bbox 0 0 4917 6509; ppageno 0'>
   <div class='ocr_carea' id='block_1_1' title="bbox 319 828 1777 904">
    <p class='ocr_par' dir='ltr' id='par_1_1' title="bbox 319 828 1777 904">
     <span class='ocr_line' id='line_1_1' title="bbox 319 828 1777 904; baseline 0.002 -3"><span class='ocrx_word' id='word_1_1' title='bbox 319 852 409 901; x_wconf 74' lang='lat' dir='ltr'>ana</span> <span class='ocrx_word' id='word_1_2' title='bbox 429 850 513 899; x_wconf 82' lang='lat' dir='ltr'>wrn.</span> <span class='ocrx_word' id='word_1_3' title='bbox 733 828 769 899; x_wconf 85' lang='lat' dir='ltr'>S.</span> <span class='ocrx_word' id='word_1_4' title='bbox 796 829 1093 903; x_wconf 83' lang='lat' dir='ltr'>TRINITATIS</span> <span class='ocrx_word' id='word_1_5' title='bbox 1120 829 1189 901; x_wconf 90' lang='lat' dir='ltr'>DE</span> <span class='ocrx_word' id='word_1_6' title='bbox 1215 830 1362 904; x_wconf 84' lang='lat' dir='ltr'><strong>SCON.</strong></span> <span class='ocrx_word' id='word_1_7' title='bbox 1731 840 1777 904; x_wconf 68' lang='lat'>93</span> 
     </span>
    </p>
   </div>
   <div class='ocr_carea' id='block_1_2' title="bbox 324 1018 1775 1263">
    <p class='ocr_par' dir='ltr' id='par_1_2' title="bbox 324 1018 1775 1263">
     <span class='ocr_line' id='line_1_2' title="bbox 324 1018 1775 1125; baseline 0.003 -26"><span class='ocrx_word' id='word_1_8' title='bbox 324 1032 368 1101; x_wconf 90' lang='lat' dir='ltr'>de</span> <span class='ocrx_word' id='word_1_9' title='bbox 394 1028 490 1101; x_wconf 81' lang='lat' dir='ltr'>huni</span> <span class='ocrx_word' id='word_1_10' title='bbox 514 1070 522 1085; x_wconf 92' lang='lat'><strong>·</strong></span> <span class='ocrx_word' id='word_1_11' title='bbox 553 1030 621 1101; x_wconf 75' lang='lat' dir='ltr'>Rie</span> <span class='ocrx_word' id='word_1_12' title='bbox 646 1031 767 1101; x_wconf 87' lang='lat' dir='ltr'>eumin</span> <span class='ocrx_word' id='word_1_13' title='bbox 786 1070 794 1083; x_wconf 94' lang='lat'><strong>·</strong></span> <span class='ocrx_word' id='word_1_14' title='bbox 813 1029 924 1125; x_wconf 85' lang='lat' dir='ltr'>Hugo</span> <span class='ocrx_word' id='word_1_15' title='bbox 950 1029 1042 1101; x_wconf 86' lang='lat' dir='ltr'>ridel</span> <span class='ocrx_word' id='word_1_16' title='bbox 1059 1068 1067 1083; x_wconf 94' lang='lat'><strong>·</strong></span> <span class='ocrx_word' id='word_1_17' title='bbox 1086 1031 1231 1103; x_wconf 79' lang='lat' dir='ltr'>Rohbto</span> <span class='ocrx_word' id='word_1_18' title='bbox 1250 1033 1295 1100; x_wconf 85' lang='lat' dir='ltr'>de</span> <span class='ocrx_word' id='word_1_19' title='bbox 1320 1030 1413 1122; x_wconf 68' lang='lat' dir='ltr'>quei</span> <span class='ocrx_word' id='word_1_20' title='bbox 1433 1069 1441 1084; x_wconf 92' lang='lat'><strong>·</strong></span> <span class='ocrx_word' id='word_1_21' title='bbox 1461 1028 1557 1101; x_wconf 79' lang='lat' dir='ltr'>Berii</span> <span class='ocrx_word' id='word_1_22' title='bbox 1584 1026 1624 1099; x_wconf 84' lang='lat' dir='ltr'>iil</span> <span class='ocrx_word' id='word_1_23' title='bbox 1644 1018 1775 1103; x_wconf 87' lang='lat' dir='ltr'>brien·</span> 
     </span>
     <span class='ocr_line' id='line_1_3' title="bbox 324 1152 660 1263; baseline -0.003 -24"><span class='ocrx_word' id='word_1_24' title='bbox 324 1166 385 1263; x_wconf 72' lang='lat' dir='ltr'>Ap</span> <span class='ocrx_word' id='word_1_25' title='bbox 403 1152 634 1241; x_wconf 72' lang='lat' dir='ltr'>dunf⁹melin</span> <span class='ocrx_word' id='word_1_26' title='bbox 653 1208 660 1223; x_wconf 94' lang='lat'><strong>·</strong></span> 
     </span>
    </p>
   </div>
   <div class='ocr_carea' id='block_1_3' title="bbox 325 1426 1306 1538">
    <p class='ocr_par' dir='ltr' id='par_1_3' title="bbox 325 1426 1306 1538">
     <span class='ocr_line' id='line_1_4' title="bbox 325 1426 1306 1538; baseline -0.001 -24"><span class='ocrx_word' id='word_1_27' title='bbox 325 1444 434 1515; x_wconf 83' lang='lat' dir='ltr'>Carta</span> <span class='ocrx_word' id='word_1_28' title='bbox 452 1444 631 1515; x_wconf 89' lang='lat' dir='ltr'>Willelmi</span> <span class='ocrx_word' id='word_1_29' title='bbox 650 1444 761 1538; x_wconf 90' lang='lat' dir='ltr'>Regis</span> <span class='ocrx_word' id='word_1_30' title='bbox 780 1444 824 1514; x_wconf 91' lang='lat' dir='ltr'>de</span> <span class='ocrx_word' id='word_1_31' title='bbox 843 1426 1002 1513; x_wconf 72' lang='lat' dir='ltr'>Ecclesia</span> <span class='ocrx_word' id='word_1_32' title='bbox 1019 1444 1064 1513; x_wconf 91' lang='lat' dir='ltr'>de</span> <span class='ocrx_word' id='word_1_33' title='bbox 1082 1441 1306 1537; x_wconf 86' lang='lat' dir='ltr'>Inuergorin.</span> 
     </span>
    </p>
   </div>
   <div class='ocr_carea' id='block_1_4' title="bbox 253 1695 1777 3077">
    <p class='ocr_par' dir='ltr' id='par_1_4' title="bbox 253 1695 1777 3077">
     <span class='ocr_line' id='line_1_5' title="bbox 253 1695 1776 1811; baseline -0.001 -18"><span class='ocrx_word' id='word_1_34' title='bbox 253 1730 299 1793; x_wconf 74' lang='lat' dir='ltr'>aa</span> <span class='ocrx_word' id='word_1_35' title='bbox 325 1695 549 1793; x_wconf 88' lang='lat' dir='ltr'>Willelmus</span> <span class='ocrx_word' id='word_1_36' title='bbox 567 1721 650 1793; x_wconf 85' lang='lat' dir='ltr'>Rex</span> <span class='ocrx_word' id='word_1_37' title='bbox 676 1721 895 1800; x_wconf 76' lang='lat' dir='ltr'>Scottorum,</span> <span class='ocrx_word' id='word_1_38' title='bbox 922 1715 1106 1811; x_wconf 91' lang='lat' dir='ltr'>Episcopis</span> <span class='ocrx_word' id='word_1_39' title='bbox 1132 1717 1340 1789; x_wconf 88' lang='lat' dir='ltr'>Abbatibus</span> <span class='ocrx_word' id='word_1_40' title='bbox 1366 1721 1558 1792; x_wconf 79' lang='lat' dir='ltr'>comitibus</span> <span class='ocrx_word' id='word_1_41' title='bbox 1584 1723 1776 1793; x_wconf 82' lang='lat' dir='ltr'>baronibus</span> 
     </span>
     <span class='ocr_line' id='line_1_6' title="bbox 322 1855 1777 1949; baseline 0 -20"><span class='ocrx_word' id='word_1_42' title='bbox 322 1859 347 1929; x_wconf 89' lang='lat' dir='ltr'>J</span> <span class='ocrx_word' id='word_1_43' title='bbox 349 1858 535 1930; x_wconf 85' lang='lat' dir='ltr'>usticiariis</span> <span class='ocrx_word' id='word_1_44' title='bbox 553 1859 824 1931; x_wconf 81' lang='lat' dir='ltr'>vicecomitibus</span> <span class='ocrx_word' id='word_1_45' title='bbox 842 1865 880 1927; x_wconf 88' lang='lat' dir='ltr'>et</span> <span class='ocrx_word' id='word_1_46' title='bbox 897 1857 1063 1927; x_wconf 90' lang='lat' dir='ltr'>omnibus</span> <span class='ocrx_word' id='word_1_47' title='bbox 1080 1855 1200 1949; x_wconf 85' lang='lat' dir='ltr'>probis</span> <span class='ocrx_word' id='word_1_48' title='bbox 1216 1856 1422 1927; x_wconf 90' lang='lat' dir='ltr'>bominibus</span> <span class='ocrx_word' id='word_1_49' title='bbox 1442 1859 1555 1928; x_wconf 90' lang='lat' dir='ltr'>totius</span> <span class='ocrx_word' id='word_1_50' title='bbox 1573 1867 1668 1930; x_wconf 88' lang='lat' dir='ltr'>terre</span> <span class='ocrx_word' id='word_1_51' title='bbox 1686 1858 1777 1930; x_wconf 86' lang='lat' dir='ltr'>salu-</span> 
     </span>
     <span class='ocr_line' id='line_1_7' title="bbox 322 1990 1777 2069; baseline 0.001 -2"><span class='ocrx_word' id='word_1_52' title='bbox 322 2006 399 2067; x_wconf 88' lang='lat' dir='ltr'>tem</span> <span class='ocrx_word' id='word_1_53' title='bbox 452 1996 582 2069; x_wconf 89' lang='lat' dir='ltr'>Sciatis</span> <span class='ocrx_word' id='word_1_54' title='bbox 595 2020 655 2069; x_wconf 94' lang='lat' dir='ltr'>me</span> <span class='ocrx_word' id='word_1_55' title='bbox 668 1990 868 2068; x_wconf 81' lang='lat' dir='ltr'>concellitle</span> <span class='ocrx_word' id='word_1_56' title='bbox 886 2004 924 2065; x_wconf 90' lang='lat' dir='ltr'>et</span> <span class='ocrx_word' id='word_1_57' title='bbox 941 1995 1008 2065; x_wconf 86' lang='lat' dir='ltr'>hac</span> <span class='ocrx_word' id='word_1_58' title='bbox 1025 2018 1107 2065; x_wconf 87' lang='lat' dir='ltr'>mea</span> <span class='ocrx_word' id='word_1_59' title='bbox 1124 2004 1223 2065; x_wconf 88' lang='lat' dir='ltr'>carta</span> <span class='ocrx_word' id='word_1_60' title='bbox 1240 1990 1461 2067; x_wconf 82' lang='lat' dir='ltr'>confirmaffe</span> <span class='ocrx_word' id='word_1_61' title='bbox 1478 1994 1559 2066; x_wconf 90' lang='lat' dir='ltr'>Deo</span> <span class='ocrx_word' id='word_1_62' title='bbox 1573 2005 1611 2066; x_wconf 90' lang='lat' dir='ltr'>et</span> <span class='ocrx_word' id='word_1_63' title='bbox 1629 1993 1777 2069; x_wconf 76' lang='lat' dir='ltr'>ecclesie</span> 
     </span>
     <span class='ocr_line' id='line_1_8' title="bbox 321 2131 1776 2207; baseline 0.001 -3"><span class='ocrx_word' id='word_1_64' title='bbox 321 2134 442 2207; x_wconf 64' lang='lat' dir='ltr'>sande</span> <span class='ocrx_word' id='word_1_65' title='bbox 454 2134 640 2207; x_wconf 81' lang='lat' dir='ltr'>Trinitatis</span> <span class='ocrx_word' id='word_1_66' title='bbox 658 2135 702 2205; x_wconf 90' lang='lat' dir='ltr'>de</span> <span class='ocrx_word' id='word_1_67' title='bbox 716 2134 813 2206; x_wconf 88' lang='lat' dir='ltr'>Scon</span> <span class='ocrx_word' id='word_1_68' title='bbox 831 2142 869 2205; x_wconf 92' lang='lat' dir='ltr'>et</span> <span class='ocrx_word' id='word_1_69' title='bbox 883 2133 1022 2204; x_wconf 86' lang='lat' dir='ltr'>Abbati</span> <span class='ocrx_word' id='word_1_70' title='bbox 1037 2142 1074 2203; x_wconf 92' lang='lat' dir='ltr'>et</span> <span class='ocrx_word' id='word_1_71' title='bbox 1088 2134 1270 2203; x_wconf 88' lang='lat' dir='ltr'>canonicis</span> <span class='ocrx_word' id='word_1_72' title='bbox 1287 2134 1423 2203; x_wconf 84' lang='lat' dir='ltr'>ibidem</span> <span class='ocrx_word' id='word_1_73' title='bbox 1440 2132 1519 2203; x_wconf 90' lang='lat' dir='ltr'>Deo</span> <span class='ocrx_word' id='word_1_74' title='bbox 1535 2131 1776 2206; x_wconf 88' lang='lat' dir='ltr'>seruientibus</span> 
     </span>
     <span class='ocr_line' id='line_1_9' title="bbox 323 2268 1776 2367; baseline 0.001 -26"><span class='ocrx_word' id='word_1_75' title='bbox 323 2268 521 2343; x_wconf 83' lang='lat' dir='ltr'>Ecclefiam</span> <span class='ocrx_word' id='word_1_76' title='bbox 539 2273 584 2343; x_wconf 90' lang='lat' dir='ltr'>de</span> <span class='ocrx_word' id='word_1_77' title='bbox 601 2271 813 2367; x_wconf 85' lang='lat' dir='ltr'>Invergorin</span> <span class='ocrx_word' id='word_1_78' title='bbox 832 2294 915 2342; x_wconf 92' lang='lat' dir='ltr'>cum</span> <span class='ocrx_word' id='word_1_79' title='bbox 929 2279 1108 2362; x_wconf 88' lang='lat' dir='ltr'>terraque</span> <span class='ocrx_word' id='word_1_80' title='bbox 1120 2270 1219 2363; x_wconf 88' lang='lat' dir='ltr'>jacet</span> <span class='ocrx_word' id='word_1_81' title='bbox 1233 2273 1271 2341; x_wconf 94' lang='lat' dir='ltr'>in</span> <span class='ocrx_word' id='word_1_82' title='bbox 1285 2270 1499 2342; x_wconf 90' lang='lat' dir='ltr'>occidentali</span> <span class='ocrx_word' id='word_1_83' title='bbox 1512 2282 1615 2365; x_wconf 90' lang='lat' dir='ltr'>parte</span> <span class='ocrx_word' id='word_1_84' title='bbox 1628 2269 1776 2343; x_wconf 72' lang='lat' dir='ltr'>ecclesie</span> 
     </span>
     <span class='ocr_line' id='line_1_10' title="bbox 322 2407 1776 2503; baseline 0.001 -25"><span class='ocrx_word' id='word_1_85' title='bbox 322 2412 571 2501; x_wconf 85' lang='lat' dir='ltr'>prenominata</span> <span class='ocrx_word' id='word_1_86' title='bbox 596 2412 742 2480; x_wconf 90' lang='lat' dir='ltr'>nomine</span> <span class='ocrx_word' id='word_1_87' title='bbox 759 2408 927 2503; x_wconf 85' lang='lat' dir='ltr'>Dargoch</span> <span class='ocrx_word' id='word_1_88' title='bbox 953 2417 991 2478; x_wconf 88' lang='lat' dir='ltr'>et</span> <span class='ocrx_word' id='word_1_89' title='bbox 1017 2430 1100 2479; x_wconf 93' lang='lat' dir='ltr'>cum</span> <span class='ocrx_word' id='word_1_90' title='bbox 1118 2407 1285 2479; x_wconf 90' lang='lat' dir='ltr'>omnibus</span> <span class='ocrx_word' id='word_1_91' title='bbox 1301 2409 1529 2501; x_wconf 81' lang='lat' dir='ltr'>pertinentiis</span> <span class='ocrx_word' id='word_1_92' title='bbox 1554 2410 1599 2480; x_wconf 89' lang='lat' dir='ltr'>ad</span> <span class='ocrx_word' id='word_1_93' title='bbox 1625 2411 1776 2481; x_wconf 88' lang='lat' dir='ltr'>eandem</span> 
     </span>
     <span class='ocr_line' id='line_1_11' title="bbox 323 2543 1777 2643; baseline 0.001 -24"><span class='ocrx_word' id='word_1_94' title='bbox 323 2544 507 2619; x_wconf 75' lang='lat' dir='ltr'>ecelesiam</span> <span class='ocrx_word' id='word_1_95' title='bbox 525 2548 584 2619; x_wconf 85' lang='lat' dir='ltr'>vel</span> <span class='ocrx_word' id='word_1_96' title='bbox 601 2558 735 2619; x_wconf 86' lang='lat' dir='ltr'>terram</span> <span class='ocrx_word' id='word_1_97' title='bbox 752 2545 1018 2641; x_wconf 90' lang='lat' dir='ltr'>pertinentibus</span> <span class='ocrx_word' id='word_1_98' title='bbox 1035 2548 1073 2616; x_wconf 94' lang='lat' dir='ltr'>in</span> <span class='ocrx_word' id='word_1_99' title='bbox 1091 2545 1241 2617; x_wconf 89' lang='lat' dir='ltr'>liberam</span> <span class='ocrx_word' id='word_1_100' title='bbox 1264 2555 1303 2617; x_wconf 88' lang='lat' dir='ltr'>et</span> <span class='ocrx_word' id='word_1_101' title='bbox 1323 2557 1537 2640; x_wconf 90' lang='lat' dir='ltr'>perpetuam</span> <span class='ocrx_word' id='word_1_102' title='bbox 1555 2543 1777 2643; x_wconf 82' lang='lat' dir='ltr'>elimosmam</span> 
     </span>
     <span class='ocr_line' id='line_1_12' title="bbox 322 2665 1777 2779; baseline -0.001 -23"><span class='ocrx_word' id='word_1_103' title='bbox 322 2686 443 2770; x_wconf 86' lang='lat' dir='ltr'>Quare</span> <span class='ocrx_word' id='word_1_104' title='bbox 459 2687 610 2758; x_wconf 88' lang='lat' dir='ltr'>firmiter</span> <span class='ocrx_word' id='word_1_105' title='bbox 626 2686 797 2779; x_wconf 88' lang='lat' dir='ltr'>prohibeo</span> <span class='ocrx_word' id='word_1_106' title='bbox 814 2710 861 2757; x_wconf 83' lang='lat' dir='ltr'>ne</span> <span class='ocrx_word' id='word_1_107' title='bbox 879 2686 958 2777; x_wconf 92' lang='lat' dir='ltr'>quis</span> <span class='ocrx_word' id='word_1_108' title='bbox 974 2684 1060 2754; x_wconf 92' lang='lat' dir='ltr'>inde</span> <span class='ocrx_word' id='word_1_109' title='bbox 1077 2685 1268 2776; x_wconf 91' lang='lat' dir='ltr'>quicquam</span> <span class='ocrx_word' id='word_1_110' title='bbox 1287 2681 1417 2776; x_wconf 85' lang='lat' dir='ltr'>injuste</span> <span class='ocrx_word' id='word_1_111' title='bbox 1434 2665 1574 2756; x_wconf 80' lang='lat' dir='ltr'>auferre</span> <span class='ocrx_word' id='word_1_112' title='bbox 1595 2685 1656 2756; x_wconf 90' lang='lat' dir='ltr'>uel</span> <span class='ocrx_word' id='word_1_113' title='bbox 1674 2686 1777 2756; x_wconf 89' lang='lat' dir='ltr'>dimi-</span> 
     </span>
     <span class='ocr_line' id='line_1_13' title="bbox 322 2818 1777 2918; baseline 0.001 -26"><span class='ocrx_word' id='word_1_114' title='bbox 322 2847 433 2895; x_wconf 87' lang='lat' dir='ltr'>nuere</span> <span class='ocrx_word' id='word_1_115' title='bbox 456 2822 636 2918; x_wconf 84' lang='lat' dir='ltr'>presumat</span> <span class='ocrx_word' id='word_1_116' title='bbox 686 2820 852 2895; x_wconf 85' lang='lat' dir='ltr'>Testibus</span> <span class='ocrx_word' id='word_1_117' title='bbox 874 2823 1028 2895; x_wconf 89' lang='lat' dir='ltr'>Matheo</span> <span class='ocrx_word' id='word_1_118' title='bbox 1054 2818 1218 2916; x_wconf 84' lang='lat' dir='ltr'>episcopo</span> <span class='ocrx_word' id='word_1_119' title='bbox 1246 2823 1292 2893; x_wconf 89' lang='lat' dir='ltr'>de</span> <span class='ocrx_word' id='word_1_120' title='bbox 1317 2822 1492 2894; x_wconf 90' lang='lat' dir='ltr'>Aberdon</span> <span class='ocrx_word' id='word_1_121' title='bbox 1514 2822 1665 2895; x_wconf 89' lang='lat' dir='ltr'>Andrea</span> <span class='ocrx_word' id='word_1_122' title='bbox 1687 2824 1777 2916; x_wconf 90' lang='lat' dir='ltr'>epis-</span> 
     </span>
     <span class='ocr_line' id='line_1_14' title="bbox 322 2960 1604 3077; baseline -0.001 -46"><span class='ocrx_word' id='word_1_123' title='bbox 322 2985 410 3054; x_wconf 91' lang='lat' dir='ltr'>copo</span> <span class='ocrx_word' id='word_1_124' title='bbox 428 2963 473 3033; x_wconf 91' lang='lat' dir='ltr'>de</span> <span class='ocrx_word' id='word_1_125' title='bbox 491 2962 608 3034; x_wconf 81' lang='lat' dir='ltr'>Catari</span> <span class='ocrx_word' id='word_1_126' title='bbox 626 2962 770 3033; x_wconf 86' lang='lat' dir='ltr'>Comite</span> <span class='ocrx_word' id='word_1_127' title='bbox 788 2962 991 3035; x_wconf 87' lang='lat' dir='ltr'>Gilleberto</span> <span class='ocrx_word' id='word_1_128' title='bbox 1009 2960 1163 3032; x_wconf 87' lang='lat' dir='ltr'>Ricardo</span> <span class='ocrx_word' id='word_1_129' title='bbox 1181 2960 1325 3055; x_wconf 86' lang='lat' dir='ltr'>Cumyn</span> <span class='ocrx_word' id='word_1_130' title='bbox 1375 2960 1487 3053; x_wconf 90' lang='lat' dir='ltr'>Apud</span> <span class='ocrx_word' id='word_1_131' title='bbox 1506 2960 1604 3077; x_wconf 46' lang='lat' dir='ltr'>Ilert.</span> 
     </span>
    </p>
   </div>
   <div class='ocr_carea' id='block_1_5' title="bbox 320 3235 1599 3337">
    <p class='ocr_par' dir='ltr' id='par_1_5' title="bbox 320 3235 1599 3337">
     <span class='ocr_line' id='line_1_15' title="bbox 320 3235 1599 3337; baseline -0.001 -31"><span class='ocrx_word' id='word_1_132' title='bbox 320 3237 432 3308; x_wconf 89' lang='lat' dir='ltr'>Carta</span> <span class='ocrx_word' id='word_1_133' title='bbox 445 3236 630 3337; x_wconf 80' lang='lat' dir='ltr'>willelmi</span> <span class='ocrx_word' id='word_1_134' title='bbox 649 3238 760 3331; x_wconf 83' lang='lat' dir='ltr'>Regis</span> <span class='ocrx_word' id='word_1_135' title='bbox 779 3238 823 3307; x_wconf 89' lang='lat' dir='ltr'>de</span> <span class='ocrx_word' id='word_1_136' title='bbox 840 3236 1116 3323; x_wconf 71' lang='lat' dir='ltr'>rectitudinibus</span> <span class='ocrx_word' id='word_1_137' title='bbox 1133 3238 1170 3305; x_wconf 86' lang='lat' dir='ltr'>in</span> <span class='ocrx_word' id='word_1_138' title='bbox 1188 3237 1296 3305; x_wconf 91' lang='lat' dir='ltr'>domo</span> <span class='ocrx_word' id='word_1_139' title='bbox 1314 3235 1464 3329; x_wconf 80' lang='lat' dir='ltr'>Regius.</span> <span class='ocrx_word' id='word_1_140' title='bbox 1592 3320 1599 3330; x_wconf 89' lang='lat'><strong>.</strong></span> 
     </span>
    </p>
   </div>
   <div class='ocr_carea' id='block_1_6' title="bbox 183 3490 1775 3606">
    <p class='ocr_par' dir='ltr' id='par_1_6' title="bbox 183 3490 1775 3606">
     <span class='ocr_line' id='line_1_16' title="bbox 183 3490 1775 3606; baseline 0.001 -25"><span class='ocrx_word' id='word_1_141' title='bbox 183 3509 186 3513; x_wconf 77' lang='grc'><strong>’</strong></span> <span class='ocrx_word' id='word_1_142' title='bbox 248 3518 296 3582; x_wconf 85' lang='grc'>33</span> <span class='ocrx_word' id='word_1_143' title='bbox 321 3490 547 3586; x_wconf 88' lang='lat' dir='ltr'>Willelmus</span> <span class='ocrx_word' id='word_1_144' title='bbox 565 3513 622 3583; x_wconf 91' lang='lat' dir='ltr'>dei</span> <span class='ocrx_word' id='word_1_145' title='bbox 644 3514 761 3606; x_wconf 84' lang='lat' dir='ltr'>gratia</span> <span class='ocrx_word' id='word_1_146' title='bbox 777 3512 859 3583; x_wconf 85' lang='lat' dir='ltr'>Rex</span> <span class='ocrx_word' id='word_1_147' title='bbox 877 3510 1070 3581; x_wconf 86' lang='lat' dir='ltr'>Scotorum</span> <span class='ocrx_word' id='word_1_148' title='bbox 1096 3511 1264 3581; x_wconf 90' lang='lat' dir='ltr'>omnibus</span> <span class='ocrx_word' id='word_1_149' title='bbox 1289 3512 1409 3604; x_wconf 91' lang='lat' dir='ltr'>probis</span> <span class='ocrx_word' id='word_1_150' title='bbox 1435 3511 1640 3582; x_wconf 91' lang='lat' dir='ltr'>hominibus</span> <span class='ocrx_word' id='word_1_151' title='bbox 1661 3515 1775 3582; x_wconf 88' lang='lat' dir='ltr'>totius</span> 
     </span>
    </p>
   </div>
   <div class='ocr_carea' id='block_1_7' title="bbox 321 3643 1776 4571">
    <p class='ocr_par' dir='ltr' id='par_1_7' title="bbox 321 3643 1776 4571">
     <span class='ocr_line' id='line_1_17' title="bbox 322 3643 1775 3723; baseline -0.001 0"><span class='ocrx_word' id='word_1_152' title='bbox 322 3665 416 3723; x_wconf 89' lang='lat' dir='ltr'>terre</span> <span class='ocrx_word' id='word_1_153' title='bbox 439 3650 500 3722; x_wconf 90' lang='lat' dir='ltr'>sue</span> <span class='ocrx_word' id='word_1_154' title='bbox 527 3648 680 3721; x_wconf 88' lang='lat' dir='ltr'>salutem</span> <span class='ocrx_word' id='word_1_155' title='bbox 732 3649 863 3721; x_wconf 89' lang='lat' dir='ltr'>Sciatis</span> <span class='ocrx_word' id='word_1_156' title='bbox 889 3670 948 3719; x_wconf 92' lang='lat' dir='ltr'>me</span> <span class='ocrx_word' id='word_1_157' title='bbox 974 3643 1176 3719; x_wconf 81' lang='lat' dir='ltr'>concellille</span> <span class='ocrx_word' id='word_1_158' title='bbox 1195 3647 1276 3720; x_wconf 90' lang='lat' dir='ltr'>Deo</span> <span class='ocrx_word' id='word_1_159' title='bbox 1302 3658 1340 3720; x_wconf 90' lang='lat' dir='ltr'>et</span> <span class='ocrx_word' id='word_1_160' title='bbox 1367 3645 1515 3721; x_wconf 75' lang='lat' dir='ltr'>ecclesie</span> <span class='ocrx_word' id='word_1_161' title='bbox 1543 3651 1589 3721; x_wconf 93' lang='lat' dir='ltr'>de</span> <span class='ocrx_word' id='word_1_162' title='bbox 1615 3650 1711 3721; x_wconf 87' lang='lat' dir='ltr'>Scon</span> <span class='ocrx_word' id='word_1_163' title='bbox 1737 3661 1775 3721; x_wconf 87' lang='lat' dir='ltr'>et</span> 
     </span>
     <span class='ocr_line' id='line_1_18' title="bbox 322 3784 1774 3883; baseline -0.001 -22"><span class='ocrx_word' id='word_1_164' title='bbox 322 3791 443 3861; x_wconf 88' lang='lat' dir='ltr'>abbati</span> <span class='ocrx_word' id='word_1_165' title='bbox 462 3798 500 3860; x_wconf 90' lang='lat' dir='ltr'>et</span> <span class='ocrx_word' id='word_1_166' title='bbox 517 3789 698 3859; x_wconf 89' lang='lat' dir='ltr'>canonicis</span> <span class='ocrx_word' id='word_1_167' title='bbox 723 3788 857 3858; x_wconf 91' lang='lat' dir='ltr'>ibidem</span> <span class='ocrx_word' id='word_1_168' title='bbox 875 3785 956 3857; x_wconf 93' lang='lat' dir='ltr'>Deo</span> <span class='ocrx_word' id='word_1_169' title='bbox 973 3784 1211 3857; x_wconf 87' lang='lat' dir='ltr'>servientibus</span> <span class='ocrx_word' id='word_1_170' title='bbox 1228 3796 1272 3857; x_wconf 92' lang='lat' dir='ltr'>ut</span> <span class='ocrx_word' id='word_1_171' title='bbox 1288 3787 1446 3858; x_wconf 88' lang='lat' dir='ltr'>habeant</span> <span class='ocrx_word' id='word_1_172' title='bbox 1463 3789 1502 3857; x_wconf 91' lang='lat' dir='ltr'>in</span> <span class='ocrx_word' id='word_1_173' title='bbox 1520 3788 1627 3858; x_wconf 92' lang='lat' dir='ltr'>domo</span> <span class='ocrx_word' id='word_1_174' title='bbox 1650 3791 1774 3883; x_wconf 87' lang='lat' dir='ltr'>regine</span> 
     </span>
     <span class='ocr_line' id='line_1_19' title="bbox 321 3922 1775 4019; baseline 0.001 -23"><span class='ocrx_word' id='word_1_175' title='bbox 321 3950 446 3997; x_wconf 87' lang='lat' dir='ltr'>omnes</span> <span class='ocrx_word' id='word_1_176' title='bbox 475 3926 709 3997; x_wconf 67' lang='lat' dir='ltr'>relicitudines</span> <span class='ocrx_word' id='word_1_177' title='bbox 735 3947 822 4017; x_wconf 88' lang='lat' dir='ltr'>quas</span> <span class='ocrx_word' id='word_1_178' title='bbox 851 3924 988 3995; x_wconf 88' lang='lat' dir='ltr'>habent</span> <span class='ocrx_word' id='word_1_179' title='bbox 1014 3926 1052 3994; x_wconf 90' lang='lat' dir='ltr'>in</span> <span class='ocrx_word' id='word_1_180' title='bbox 1078 3924 1185 3994; x_wconf 93' lang='lat' dir='ltr'>domo</span> <span class='ocrx_word' id='word_1_181' title='bbox 1211 3946 1294 3995; x_wconf 88' lang='lat' dir='ltr'>mea</span> <span class='ocrx_word' id='word_1_182' title='bbox 1318 3922 1455 3995; x_wconf 90' lang='lat' dir='ltr'>scilicet</span> <span class='ocrx_word' id='word_1_183' title='bbox 1481 3926 1519 3995; x_wconf 94' lang='lat' dir='ltr'>in</span> <span class='ocrx_word' id='word_1_184' title='bbox 1550 3926 1708 4019; x_wconf 85' lang='lat' dir='ltr'>expensa</span> <span class='ocrx_word' id='word_1_185' title='bbox 1736 3938 1775 3997; x_wconf 88' lang='lat' dir='ltr'>st</span> 
     </span>
     <span class='ocr_line' id='line_1_20' title="bbox 321 4058 1774 4157; baseline -0.002 -21"><span class='ocrx_word' id='word_1_186' title='bbox 321 4065 475 4157; x_wconf 88' lang='lat' dir='ltr'>coquina</span> <span class='ocrx_word' id='word_1_187' title='bbox 504 4064 645 4156; x_wconf 91' lang='lat' dir='ltr'>quando</span> <span class='ocrx_word' id='word_1_188' title='bbox 672 4058 746 4156; x_wconf 85' lang='lat' dir='ltr'>ipsa</span> <span class='ocrx_word' id='word_1_189' title='bbox 780 4062 916 4134; x_wconf 87' lang='lat' dir='ltr'>curiam</span> <span class='ocrx_word' id='word_1_190' title='bbox 949 4058 1051 4132; x_wconf 86' lang='lat' dir='ltr'>suam</span> <span class='ocrx_word' id='word_1_191' title='bbox 1081 4084 1145 4153; x_wconf 88' lang='lat' dir='ltr'>per</span> <span class='ocrx_word' id='word_1_192' title='bbox 1175 4058 1212 4131; x_wconf 87' lang='lat' dir='ltr'>se</span> <span class='ocrx_word' id='word_1_193' title='bbox 1243 4064 1404 4132; x_wconf 89' lang='lat' dir='ltr'>tenuerit</span> <span class='ocrx_word' id='word_1_194' title='bbox 1465 4061 1586 4146; x_wconf 85' lang='lat' dir='ltr'>Quare</span> <span class='ocrx_word' id='word_1_195' title='bbox 1617 4066 1774 4157; x_wconf 90' lang='lat' dir='ltr'>precipio</span> 
     </span>
     <span class='ocr_line' id='line_1_21' title="bbox 322 4192 1774 4289; baseline 0.001 -18"><span class='ocrx_word' id='word_1_196' title='bbox 322 4200 464 4273; x_wconf 81' lang='lat' dir='ltr'>ballivis</span> <span class='ocrx_word' id='word_1_197' title='bbox 485 4210 523 4272; x_wconf 92' lang='lat' dir='ltr'>et</span> <span class='ocrx_word' id='word_1_198' title='bbox 544 4198 783 4271; x_wconf 89' lang='lat' dir='ltr'>servientibus</span> <span class='ocrx_word' id='word_1_199' title='bbox 807 4197 878 4269; x_wconf 90' lang='lat' dir='ltr'>suis</span> <span class='ocrx_word' id='word_1_200' title='bbox 896 4208 938 4269; x_wconf 91' lang='lat' dir='ltr'>ut</span> <span class='ocrx_word' id='word_1_201' title='bbox 963 4200 1014 4270; x_wconf 90' lang='lat' dir='ltr'>eis</span> <span class='ocrx_word' id='word_1_202' title='bbox 1036 4195 1170 4289; x_wconf 89' lang='lat' dir='ltr'>absque</span> <span class='ocrx_word' id='word_1_203' title='bbox 1196 4192 1456 4270; x_wconf 90' lang='lat' dir='ltr'>disturbatione</span> <span class='ocrx_word' id='word_1_204' title='bbox 1482 4200 1615 4271; x_wconf 87' lang='lat' dir='ltr'>habere</span> <span class='ocrx_word' id='word_1_205' title='bbox 1641 4201 1774 4274; x_wconf 88' lang='lat' dir='ltr'>faciant</span> 
     </span>
     <span class='ocr_line' id='line_1_22' title="bbox 322 4331 1774 4430; baseline 0.001 -21"><span class='ocrx_word' id='word_1_206' title='bbox 322 4336 486 4409; x_wconf 75' lang='lat' dir='ltr'>Testibus</span> <span class='ocrx_word' id='word_1_207' title='bbox 497 4336 652 4411; x_wconf 86' lang='lat' dir='ltr'>Ricardo</span> <span class='ocrx_word' id='word_1_208' title='bbox 665 4335 780 4408; x_wconf 72' lang='lat' dir='ltr'>electo</span> <span class='ocrx_word' id='word_1_209' title='bbox 794 4331 1033 4407; x_wconf 86' lang='lat' dir='ltr'>Morauienfis</span> <span class='ocrx_word' id='word_1_210' title='bbox 1047 4334 1208 4406; x_wconf 90' lang='lat' dir='ltr'>Roberto</span> <span class='ocrx_word' id='word_1_211' title='bbox 1223 4344 1261 4405; x_wconf 90' lang='lat' dir='ltr'>et</span> <span class='ocrx_word' id='word_1_212' title='bbox 1276 4333 1466 4406; x_wconf 90' lang='lat' dir='ltr'>Willelmo</span> <span class='ocrx_word' id='word_1_213' title='bbox 1477 4336 1671 4430; x_wconf 86' lang='lat' dir='ltr'>capellanis</span> <span class='ocrx_word' id='word_1_214' title='bbox 1683 4342 1774 4411; x_wconf 92' lang='lat' dir='ltr'>meis</span> 
     </span>
     <span class='ocr_line' id='line_1_23' title="bbox 322 4441 1776 4571; baseline 0 -24"><span class='ocrx_word' id='word_1_215' title='bbox 322 4478 466 4571; x_wconf 84' lang='lat' dir='ltr'>hugone</span> <span class='ocrx_word' id='word_1_216' title='bbox 484 4475 529 4547; x_wconf 91' lang='lat' dir='ltr'>de</span> <span class='ocrx_word' id='word_1_217' title='bbox 542 4470 658 4569; x_wconf 81' lang='lat' dir='ltr'>figillo</span> <span class='ocrx_word' id='word_1_218' title='bbox 677 4473 808 4553; x_wconf 89' lang='lat' dir='ltr'>clerieo</span> <span class='ocrx_word' id='word_1_219' title='bbox 827 4496 908 4544; x_wconf 90' lang='lat' dir='ltr'>meo</span> <span class='ocrx_word' id='word_1_220' title='bbox 936 4472 1098 4545; x_wconf 90' lang='lat' dir='ltr'>Roberto</span> <span class='ocrx_word' id='word_1_221' title='bbox 1122 4473 1168 4543; x_wconf 89' lang='lat' dir='ltr'>de</span> <span class='ocrx_word' id='word_1_222' title='bbox 1187 4474 1308 4566; x_wconf 91' lang='lat' dir='ltr'>quinci</span> <span class='ocrx_word' id='word_1_223' title='bbox 1335 4472 1525 4545; x_wconf 90' lang='lat' dir='ltr'>Willelmo</span> <span class='ocrx_word' id='word_1_224' title='bbox 1544 4476 1589 4545; x_wconf 90' lang='lat' dir='ltr'>de</span> <span class='ocrx_word' id='word_1_225' title='bbox 1607 4441 1776 4547; x_wconf 86' lang='lat' dir='ltr'>moreuill</span> 
     </span>
    </p>
   </div>
   <div class='ocr_carea' id='block_1_8' title="bbox 324 4609 1348 4705">
    <p class='ocr_par' dir='ltr' id='par_1_8' title="bbox 324 4609 1348 4705">
     <span class='ocr_line' id='line_1_24' title="bbox 324 4609 1348 4705; baseline 0 -24"><span class='ocrx_word' id='word_1_226' title='bbox 324 4612 512 4684; x_wconf 84' lang='lat' dir='ltr'>Willelmo</span> <span class='ocrx_word' id='word_1_227' title='bbox 531 4614 576 4683; x_wconf 91' lang='lat' dir='ltr'>de</span> <span class='ocrx_word' id='word_1_228' title='bbox 592 4612 674 4682; x_wconf 89' lang='lat' dir='ltr'>haia</span> <span class='ocrx_word' id='word_1_229' title='bbox 692 4610 851 4705; x_wconf 81' lang='lat' dir='ltr'>Hugone</span> <span class='ocrx_word' id='word_1_230' title='bbox 870 4609 1029 4681; x_wconf 84' lang='lat' dir='ltr'>Giffarde</span> <span class='ocrx_word' id='word_1_231' title='bbox 1082 4609 1193 4703; x_wconf 88' lang='lat' dir='ltr'>Apud</span> <span class='ocrx_word' id='word_1_232' title='bbox 1211 4610 1348 4681; x_wconf 87' lang='lat' dir='ltr'>Carale.</span> 
     </span>
    </p>
   </div>
   <div class='ocr_carea' id='block_1_9' title="bbox 0 0 2464 6501">
    <p class='ocr_par' dir='ltr' id='par_1_9' title="bbox 0 0 2464 6501">
     <span class='ocr_line' id='line_1_25' title="bbox 0 0 2464 6501; baseline 0 0"><span class='ocrx_word' id='word_1_233' title='bbox 0 0 2464 6501; x_wconf 95' lang='lat' dir='ltr'> </span> 
     </span>
    </p>
   </div>
  </div>
 </body>
</html>
