4917 6509
349 902 434 955 nnn.
446 891 526 954 Jso.¹
537 906 576 955 11.
756 882 794 955 S.
820 883 1116 956 TRINITATIS
1142 884 1211 957 DE
1238 883 1385 958 SCON.
1728 892 1797 959 183

348 1082 515 1156 antelios
541 1078 780 1176 quoscumque
805 1080 970 1177 personas
995 1080 1209 1155 monasterio
1235 1085 1280 1155 de
1306 1083 1425 1155 Sconn
1447 1108 1488 1156 eo
1506 1084 1643 1156 Abbati
1661 1094 1700 1156 et
1717 1108 1801 1156 con·

348 1224 473 1292 ventui
498 1220 657 1315 ejusdem
682 1218 886 1293 monasterii
920 1218 1031 1315 usque
1062 1223 1099 1291 in
1125 1222 1221 1291 diem
1248 1222 1479 1293 confectionis
1503 1220 1677 1315 presentis
1702 1231 1800 1293 corte

349 1359 440 1430 sobbe
458 1370 496 1431 et
514 1354 673 1432 concesse
689 1358 735 1429 In
753 1362 854 1453 cujus
871 1362 923 1431 rei
941 1355 1186 1431 testimonium
1203 1357 1360 1453 presenti
1377 1369 1475 1431 carte
1488 1356 1607 1431 nostre
1619 1359 1798 1454 Magnum

348 1494 515 1592 Sigillum
527 1493 839 1591 nostrumApponi
849 1500 1072 1591 precepimus
1083 1494 1248 1569 Testibus
1256 1498 1478 1570 Reverendis
1488 1499 1527 1568 in
1538 1494 1679 1568 Christo
1690 1499 1820 1596 petri-⁶

347 1636 414 1707 bus
430 1635 567 1707 Jacobo
585 1634 840 1707 Sanbbinndree
858 1676 866 1692 ·
885 1646 923 1706 et
942 1634 1132 1706 Willelmo
1149 1632 1359 1730 Glnsguensr
1373 1631 1599 1708 ecclesiarum
1615 1633 1799 1729 Episcopis

352 1770 537 1843 Willelmo
555 1773 700 1844 domino
714 1772 895 1845 Orochton
913 1768 1032 1845 nostro
1050 1772 1263 1845 cancellario
1276 1784 1315 1845 et
1328 1772 1590 1868 consanguineo
1601 1774 1798 1867 predilebto

349 1910 499 1981 Dilestis
516 1898 786 2006 consanguineis
804 1907 932 1981 nostris
950 1910 1106 1983 Patricio
1132 1912 1278 1983 domino
1304 1912 1349 1983 de
1374 1912 1409 1982 le
1435 1912 1570 1984 Grnme
1587 1909 1798 1983 Alexandro
1839 1929 1848 1959 ‘

346 2049 491 2119 domino
507 2049 764 2144 montgomery
779 2047 804 2119 J
806 2049 947 2120 ohanne
974 2050 1118 2120 domino
1136 2048 1293 2143 lindesay
1310 2050 1355 2121 de
1372 2051 1469 2142 byris
1485 2049 1636 2121 Andron
1652 2051 1797 2119 dominc

348 2186 392 2257 de
418 2184 453 2255 le
477 2208 564 2281 gray
588 2182 762 2280 Magistro
788 2184 934 2278 hospicii
961 2182 1068 2256 nostri
1096 2184 1279 2281 Magistris
1303 2186 1470 2259 Johnnne
1500 2187 1640 2258 Arrous
1670 2187 1800 2259 Archi-

348 2323 496 2395 diocono
514 2319 725 2419 Glosguensr
742 2332 780 2395 et
801 2324 965 2419 Georgoo
994 2322 1243 2419 Schorysuuod
1269 2326 1423 2396 Restore
1448 2326 1494 2396 de
1519 2324 1650 2417 cultyr
1667 2323 1797 2396 elerico

347 2459 466 2533 nostro
484 2461 596 2556 Apud
620 2462 831 2557 Edinburgh
853 2459 1019 2533 vicesrmo
1038 2464 1095 2534 die
1122 2458 1254 2533 mensis
1270 2462 1373 2534 Junii
1390 2460 1501 2533 Anno
1519 2463 1655 2533 domini
1673 2460 1797 2531 Mille·

348 2594 436 2669 srnro
454 2595 814 2695 Quadringentesimo
832 2596 1123 2696 quinquagesimo
1141 2600 1309 2673 Secundo
1328 2600 1378 2672 Et
1395 2600 1513 2696 Regni
1531 2596 1641 2671 nostri
1659 2601 1798 2671 decimo

350 2734 528 2807 secundo·

350 3010 485 3083 Instim
503 2984 566 3083 inp
582 3013 710 3084 antem
728 3024 766 3084 et
783 3020 897 3112 postis
919 3024 958 3085 et
982 3012 1104 3085 Dauid
1120 3012 1263 3107 Oumyn
1290 3015 1335 3084 de
1361 3013 1462 3106 oulty
1476 3010 1516 3083 si
1533 3012 1701 3083 fracobne
1719 3011 1799 3082 cibo

351 3148 434 3223 iux‘
450 3152 531 3223 locis
550 3153 595 3222 de
612 3151 743 3222 blnir‘r
760 3152 805 3222 de
823 3148 956 3223 emend
973 3148 1075 3223 eiuiii
1091 3188 1099 3207 ·

234 3424 315 3493 916.
351 3427 396 3498 In
414 3427 485 3499 Dei
503 3426 663 3498 Nomine
680 3425 801 3501 Amen
818 3452 844 3519 p
860 3428 931 3499 hoc
948 3424 1015 3522 piis
1028 3426 1213 3519 publicum
1227 3423 1512 3497 Instrumentum
1524 3426 1664 3505 Cuntbs
1676 3434 1800 3519 pateat

335 3538 537 3637 ¹euidenter
562 3589 588 3661 q
613 3564 723 3636 Anno
754 3564 1009 3637 Ineamaoonis
1034 3562 1140 3671 (Inice
1167 3560 1363 3635 Millesrmo
1393 3566 1626 3660 quadrigenffl
1652 3568 1801 3657 quiqua-

348 3700 482 3799 gesrmo
500 3713 627 3797 quarto
645 3702 844 3775 Indiccbne
862 3700 902 3771 ss
920 3700 1035 3773 Mens
1050 3725 1135 3772 vero
1153 3701 1291 3795 Aprilis
1312 3702 1370 3773 die
1395 3698 1547 3795 septimo
1573 3700 1631 3773 Ac
1656 3700 1799 3794 pontisi-

349 3850 450 3913 catus
467 3836 613 3912 sciffimi
639 3842 677 3911 in
702 3837 777 3933 xpo
794 3842 905 3933 patris
932 3849 970 3911 et
996 3838 1057 3909 diri
1084 3841 1140 3910 nii
1168 3836 1229 3909 diri
1259 3839 1429 3911 Nicholai
1456 3836 1543 3911 diuo
1569 3838 1799 3933 prouidencia

349 4002 439 4073 pape
457 3981 549 4071 quiti
566 3978 676 4049 Anno
695 3976 859 4072 Septimo
877 3975 922 4047 In
940 3978 1012 4047 mei
1037 3976 1166 4068 notarij
1193 3976 1329 4069 publici
1355 3986 1393 4047 et
1419 3971 1563 4048 testium
1588 3972 1799 4069 subscripto·

349 4139 429 4187 rum
446 4113 628 4210 presencie
651 4112 844 4208 psonoliter
865 4111 1091 4187 Constitutus
1110 4114 1326 4185 honorabilis
1351 4114 1406 4184 vir
1431 4112 1553 4184 Dauid
1570 4112 1735 4205 Cumyne
1753 4113 1798 4183 de

349 4252 460 4347 Culty
483 4251 678 4325 Cnndelnm
705 4274 845 4323 ceream
870 4253 915 4321 in‘
933 4274 1043 4323 manu
1068 4248 1131 4323 sua
1154 4245 1297 4346 gestans
1327 4272 1410 4321 cum
1436 4272 1567 4345 mogun
1591 4249 1798 4321 humilitate

349 4402 388 4463 et
411 4392 516 4463 corde
534 4392 689 4461 contrito
707 4398 747 4459 vt
764 4391 929 4482 apparuit
954 4388 1056 4460 flexis
1082 4390 1235 4484 genibus
1262 4398 1300 4459 et
1326 4386 1508 4479 discoopto
1535 4389 1652 4481 capite
1678 4409 1797 4459 coram

349 4527 530 4601 venerabli
548 4528 585 4598 in
602 4524 676 4620 xpo
694 4535 855 4619 patrono
873 4524 944 4596 diio
962 4525 1100 4597 Thomu
1124 4520 1350 4618 permiffioue
1375 4522 1463 4597 dinc
1484 4523 1632 4596 Abbote
1650 4522 1796 4595 Monos-

348 4637 396 4761 ‘sij
416 4668 461 4737 de
479 4664 598 4737 Scona
613 4664 746 4736 ordinis
762 4660 816 4733 sci
843 4659 1036 4757 Augustini
1062 4672 1215 4756 protunc
1240 4663 1278 4732 in
1305 4660 1420 4733 ecciio
1440 4661 1612 4754 prochinli
1630 4661 1675 4731 de
1691 4659 1796 4731 bloir‘

350 4804 543 4877 sciandree
560 4803 645 4873 dio⁰⁴
663 4796 840 4874 existente
862 4811 887 4870 ‘t
912 4797 977 4896 sup
1002 4799 1110 4872 sinnii
1137 4801 1251 4873 altore
1276 4796 1434 4872 eiusdem
1459 4800 1716 4893 procumbente
1742 4822 1796 4869 re-

349 4942 520 5037 cognouit
536 4950 574 5011 et
592 4939 736 5033 publice
753 4933 928 5011 consessus
945 4935 998 5010 est
1021 4935 1057 5010 se
1080 4940 1235 5031 quisdam
1260 4962 1370 5031 puom
1396 4939 1562 5011 Cimbnm
1580 4906 1744 5032 vulgans
1760 4934 1794 5006 le

349 5078 710 5171 Cobilenircupntnm
728 5077 773 5148 cd
790 5076 968 5169 prefatum
987 5075 1073 5148 diim
1091 5076 1218 5149 abbem
1245 5085 1283 5148 et
1308 5074 1373 5149 suit
1398 5086 1619 5149 conuentum
1635 5071 1796 5169 spebtnn·
