4917 6509
658 832 704 897 42
1176 821 1334 897 LIBER
1359 820 1609 897 accensit
1932 842 2009 897 suc.
2027 840 2115 897 xur.

658 1161 768 1235 Carta
787 1160 989 1235 Alexandri
1011 1160 1123 1259 Regis
1150 1162 1195 1235 de
1221 1162 1328 1235 terris
1345 1158 1401 1235 'de
1425 1182 1560 1257 magna
1579 1158 1669 1233 Blar
1692 1169 1733 1233 et
1761 1162 1809 1233 de
1832 1182 1943 1255 parva
1963 1158 2053 1233 Blar
2076 1161 2116 1232 in

659 1300 888 1372 excambium
905 1299 1045 1373 decime
1061 1300 1164 1394 panis
1180 1308 1219 1372 et
1236 1300 1495 1373 rectitudinum
1511 1298 1674 1373 aliarum.

589 1572 635 1648 or
660 1550 884 1649 Alexander
901 1574 973 1647 uer
998 1576 1116 1672 grata
1132 1572 1215 1649 Rex
1232 1572 1428 1649 sactorum
1452 1574 1620 1649 omnbus
1643 1577 1765 1671 probis
1781 1576 1988 1649 hominibus
2004 1576 2119 1647 eous

660 1723 755 1787 terre
772 1711 834 1787 sue
850 1711 1003 1787 salutem
1053 1710 1182 1785 Sciant
1196 1710 1381 1807 presentes
1397 1722 1437 1786 et
1452 1713 1567 1785 buturi
1587 1737 1653 1786 nos
1669 1716 1708 1787 in
1724 1714 1954 1788 excambium
1977 1712 2120 1787 docimo

659 1853 761 1945 panis
779 1846 924 1945 expenfi
942 1851 981 1921 in
997 1847 1152 1945 hospitio
1169 1845 1342 1923 nostrast
1357 1848 1513 1945 hospitio
1527 1848 1668 1947 Regina
1683 1848 1810 1947 sponse
1825 1846 1945 1923 nostre
1960 1859 1999 1923 et
2015 1851 2119 1925 roas·-

661 1990 830 2060 tudinum
859 1988 1021 2059 omnium
1050 2009 1139 2080 quaa
1165 1988 1329 2060 canonici
1359 1988 1405 2062 de
1432 1986 1553 2062 Scona
1579 1991 1765 2085 percipere
1792 1986 2056 2065 consueverunt
2080 1991 2120 2059 in

661 2126 822 2219 coquinis
840 2134 879 2197 et
895 2124 1055 2197 laedoriis
1072 2120 1201 2197 nostris
1218 2134 1258 2197 at
1275 2122 1418 2223 Regino
1434 2122 1559 2220 sponse
1581 2123 1702 2200 nostre
1718 2138 1758 2201 et
1774 2150 1840 2223 pro
1857 2128 2007 2201 decimis
2030 2148 2121 2221 quaa

661 2259 824 2336 similiter
849 2264 1033 2358 percipere
1062 2260 1326 2336 consueverunt
1351 2265 1390 2335 in
1412 2264 1518 2337 terris
1546 2261 1676 2339 nostris
1703 2268 1750 2339 de
1766 2265 1855 2341 Blsr
1879 2264 2011 2340 dedilsc
2035 2290 2120 2339 con·

661 2398 791 2476 cessiffe
804 2411 842 2475 et
853 2403 922 2475 hac
935 2410 1035 2475 carta
1050 2397 1170 2474 nostra
1186 2399 1407 2475 confirmatio
1419 2400 1501 2475 Deo
1518 2413 1557 2476 et
1573 2405 1682 2477 beato
1696 2402 1871 2478 Michaeli
1888 2405 1935 2478 de
1947 2404 2066 2481 Scona
2082 2415 2120 2479 et

662 2541 841 2615 canonicis
870 2540 1006 2612 ibidem
1037 2538 1118 2613 Deo
1147 2536 1386 2612 servientibus
1415 2548 1454 2612 et
1482 2540 1521 2612 iu
1551 2547 1770 2633 perpetuum
1798 2536 1980 2611 servituris
2007 2548 2122 2611 terras

661 2676 798 2750 nostras
827 2678 873 2749 de
901 2699 1033 2773 magna
1061 2674 1150 2749 Blar
1179 2686 1218 2749 et
1248 2676 1295 2749 de
1327 2696 1438 2771 parva
1463 2675 1552 2750 Blar
1580 2677 1745 2770 exceptis
1778 2676 1917 2749 duabus
1946 2676 2123 2749 carucatis

662 2826 758 2889 terre
789 2825 828 2889 et
858 2815 1006 2888 dimidia
1039 2812 1254 2887 mensuratis
1282 2814 1321 2885 in
1351 2813 1459 2887 feudo
1489 2814 1536 2887 de
1563 2835 1696 2910 magna
1724 2811 1813 2887 Blar
1842 2836 1931 2908 quaa
1958 2814 2122 2887 dedimus

661 2953 846 3025 monacbis
863 2952 909 3025 de
926 2950 1049 3047 Cupyr
1064 2952 1103 3023 in
1121 2951 1352 3024 excambium
1373 2953 1637 3025 communionis
1652 2973 1753 3025 more
1770 2953 1816 3025 de
1832 2951 1922 3026 Blar
1936 2976 2008 3046 qua
2022 2954 2122 3047 prius

662 3087 715 3163 ufi
726 3091 876 3163 fuerunt
902 3087 1062 3162 Tenend.
1077 3098 1116 3161 et
1126 3086 1296 3161 Hubend.
1307 3086 1442 3161 eisdem
1453 3090 1635 3162 canonicis
1646 3090 1685 3167 iu
1698 3089 1849 3163 liberam
1859 3100 1898 3163 et
1907 3100 2123 3187 perpetuam

664 3225 894 3303 elemosinam
918 3250 983 3323 per
1004 3228 1120 3300 redies
1141 3224 1270 3299 divisas
1292 3224 1373 3301 suaa
1400 3234 1441 3300 et
1465 3250 1549 3301 cum
1576 3228 1744 3301 omnibus
1768 3224 1869 3299 iustis
1895 3230 2124 3323 pertiuentiis

663 3367 734 3443 suis
750 3369 788 3439 in
805 3365 910 3440 bosco
927 3374 966 3439 et
983 3365 1091 3461 plano
1108 3366 1146 3438 in
1163 3366 1270 3437 terris
1286 3375 1326 3438 et
1343 3366 1446 3459 aquia
1467 3365 1507 3436 in
1532 3367 1646 3460 pratis
1662 3376 1702 3439 et
1723 3364 1863 3461 pascuis
1886 3367 1925 3437 in
1951 3368 2060 3439 moris
2084 3376 2124 3439 et

665 3501 823 3579 mareliis
838 3508 877 3577 in
894 3500 1029 3601 stagnis
1051 3510 1091 3611 et
1106 3501 1325 3575 molendinis
1349 3526 1434 3576 cum
1449 3479 1553 3575 soleo
1578 3512 1618 3575 et
1641 3501 1743 3576 sacca
1766 3526 1851 3576 cum
1866 3504 1970 3577 furca
1983 3514 2024 3577 et
2040 3502 2126 3577 folla

666 3666 749 3717 cum
766 3642 823 3715 tol
843 3652 882 3715 et
899 3651 999 3737 teym
1016 3639 1299 3737 infangcndthef
1310 3650 1350 3713 et
1366 3662 1451 3715 cum
1468 3640 1636 3711 omnibus
1651 3638 1731 3713 aliis
1747 3642 1793 3713 ad
1810 3640 1987 3735 predicar
2011 3650 2124 3714 terras

669 3776 760 3853 iuste
776 3780 1044 3875 pertinentibus
1057 3778 1173 3853 libere
1183 3780 1308 3873 quiete
1320 3778 1482 3873 plenarie
1493 3786 1533 3849 et
1545 3776 1742 3851 honorifice
1781 3777 1962 3852 Faciendo
1979 3776 2125 3851 lonnse·

667 3942 750 3993 cum
761 3918 946 3992 servitium
959 3927 1105 3991 tantum
1115 3916 1211 4011 quod
1222 3914 1607 4011 pertinetadquinque
1616 3914 1793 3989 davacbas
1802 3924 1898 3988 terne
1927 3913 2126 3989 Servitium

665 4066 751 4131 'vero
767 4058 953 4152 pertinens
970 4054 1173 4129 adsertam
1198 4052 1394 4129 davacbam
1412 4053 1459 4125 da
1474 4050 1563 4125 Blar
1583 4052 1688 4125 diuis
1710 4056 1892 4127 canonicis
1907 4051 2126 4129 Romilimus

666 4218 730 4289 pro
746 4195 907 4290 predica
935 4202 1033 4269 terra
1058 4216 1167 4287 quam
1190 4190 1412 4266 contulimus
1439 4190 1627 4264 monachis
1651 4191 1698 4263 de
1714 4190 1829 4286 cupir
1877 4190 1998 4266 Saluis
2022 4194 2126 4270 nobit

666 4332 808 4428 placitis
824 4342 864 4405 et
879 4332 1035 4427 querelis
1052 4342 1091 4405 et
1114 4330 1344 4405 libertatibus
1369 4329 1416 4402 ad
1442 4350 1612 4401 coronam
1638 4324 1796 4402 nostram
1820 4328 2063 4425 spectantibus
2080 4331 2126 4403 de

667 4469 816 4565 prefatis
832 4470 937 4542 terris
988 4469 1068 4543 Nos
1084 4478 1209 4543 autem
1225 4466 1287 4540 vel
1312 4466 1464 4539 heredes
1481 4460 1593 4539 nostri
1617 4464 2003 4539 nullumforestarium
2017 4467 2127 4541 babe-

666 4608 786 4680 bimus
802 4606 841 4677 in
859 4605 962 4679 didlis
978 4608 1084 4681 terris
1101 4628 1169 4681 nec
1187 4606 1273 4678 dicti
1291 4603 1455 4678 canonici
1471 4626 1538 4699 per
1551 4601 1589 4676 se
1605 4602 1665 4675 vel
1689 4625 1754 4698 per
1776 4602 1865 4676 alios
1880 4604 1990 4677 modo
2006 4604 2126 4699 aliquo

667 4739 898 4821 venabuntur
922 4745 961 4815 in
986 4742 1119 4817 eisdem
1146 4744 1253 4817 terris
1278 4742 1324 4815 ad
1350 4741 1444 4827 feras
1466 4720 1604 4813 nostras
1629 4740 1840 4834 capiendas·
1881 4737 2048 4816 Testibus
2074 4740 2126 4811 W

669 4890 738 4981 apo
759 4880 932 4981 gregum
957 4878 1098 4955 sanson
1114 4848 1145 4954 ὃ
1162 4876 1232 4977 epo
1248 4878 1386 4952 asom
1403 4876 1436 4949 Ρ
1451 4874 1534 4951 aa
1551 4876 1596 4949 ne
1613 4877 1729 4950 aanor
1746 4874 1801 4947 w
1814 4876 1857 4949 ar
1872 4876 1968 4951 um
1984 4876 2128 4952 anese

669 5017 777 5095 iustiii
794 5020 875 5094 scob
893 5016 946 5091 W
964 5017 1106 5093 Olifard
1123 5015 1243 5091 Justic
1263 5016 1424 5091 Laodon.
1442 5012 1564 5087 Dauid
1582 5012 1775 5088 Maricello
1798 5012 1917 5087 Willo
1941 5016 1988 5089 de
2011 5014 2132 5089 linded

669 5158 780 5255 Apud
796 5158 1004 5250 Treuequer
1020 5158 1136 5252 primo
1155 5156 1214 5227 die
1230 5153 1333 5249 Junij
1350 5152 1463 5227 Anno
1482 5150 1602 5249 Regni
1620 5152 1756 5225 domini
1772 5154 1867 5248 regis
1883 5153 1959 5247 xxj.
