4917 6509
661 836 708 901 58
1165 824 1323 900 LIBER
1348 826 1598 903 Eccnusls
1931 851 2007 904 suc.
2028 850 2116 905 xus.

659 1050 741 1099 meo
769 1027 927 1123 Synrone
957 1028 1003 1100 de
1032 1024 1185 1101 Camers
1201 1026 1391 1101 Willelmo
1417 1029 1492 1101 lilio
1517 1028 1616 1103 Yuel
1644 1028 1783 1101 Jaeobo
1807 1029 1883 1101 silio
1909 1028 2117 1103 Huolrtredi

628 1173 630 1184 '
661 1164 856 1237 Willelmo
875 1164 1068 1260 Laueprud
1095 1163 1216 1239 Dauid
1238 1162 1343 1261 Yape
1360 1164 1552 1240 Willelmo
1567 1166 1643 1239 filio
1669 1166 1829 1239 Serlonis
1855 1166 2019 1240 Roberto
2043 1168 2120 1239 silio

662 1303 832 1376 Falconis
849 1301 1016 1377 Gilberto
1042 1304 1087 1375 de
1105 1302 1214 1399 Craig
1231 1301 1393 1377 Henrioo
1409 1303 1526 1378 Baldo
1552 1304 1747 1378 Aurifabro
1764 1302 1957 1377 Willelmo
1974 1306 2020 1377 de
2038 1304 2117 1399 Lyn

662 1451 700 1513 et
715 1441 843 1513 multis
858 1440 947 1513 aliis.

663 1731 772 1804 Carta
783 1730 921 1803 Thome
939 1730 1002 1801 lilii
1022 1728 1210 1801 Maloolmi
1228 1730 1274 1801 de
1292 1728 1446 1802 Lunden
1464 1731 1509 1802 de
1526 1728 1675 1803 eoolefia
1691 1732 1738 1803 de
1755 1730 1856 1826 Eych
1873 1732 1911 1802 in
1929 1728 2023 1835 Mar.

594 2012 635 2082 91
667 1982 866 2079 Univerfis
882 2002 1001 2077 sensis
1018 2006 1143 2077 matris
1161 2000 1309 2076 eoelesie
1326 2003 1409 2076 siliis
1420 2002 1577 2077 Thomas
1590 2004 1685 2077 lilius
1699 2003 1889 2078 Maloolmi
1904 2005 1950 2076 de
1963 2003 2119 2076 Lunden

663 2140 850 2216 hostiarius
868 2142 1004 2213 domini
1022 2142 1132 2237 Regis
1150 2120 1304 2213 salutem
1356 2140 1512 2213 Noverit
1528 2139 1741 2217 universitas
1760 2138 1878 2215 vestra
1901 2165 1962 2215 me
1989 2138 2120 2214 dedisse

593 2327 599 2341 ι
664 2291 703 2355 et
720 2274 920 2353 ooneellille
938 2288 976 2351 et
993 2280 1061 2351 hae
1077 2302 1160 2351 mea
1177 2286 1277 2351 uana
1288 2277 1508 2353 confirmasse
1525 2278 1606 2353 Deo
1623 2290 1663 2353 et
1678 2278 1797 2353 fausta
1811 2280 1931 2353 Maris
1947 2291 1986 2353 et
1997 2278 2120 2353 sensio

666 2417 839 2491 Miohaeli
857 2426 895 2489 et
912 2417 1080 2488 omnibus
1097 2413 1225 2488 sensis
1243 2424 1282 2487 et
1298 2416 1422 2488 abbati
1439 2425 1479 2489 et
1496 2419 1691 2490 conventui
1717 2418 1763 2490 <la
1789 2416 1908 2490 Soonu
1932 2413 2119 2489 ecelesiam

665 2558 710 2627 de
728 2554 884 2627 Hachtis
901 2556 938 2625 in
957 2554 1042 2625 Mar
1058 2576 1141 2625 oum
1159 2553 1326 2625 omnibus
1343 2554 1389 2625 ad
1406 2568 1487 2626 eam
1498 2550 1595 2647 juste
1610 2556 1878 2649 pertinentibus
1902 2556 1940 2625 in
1965 2554 2117 2627 liberam

663 2716 789 2788 puram
807 2702 845 2763 et
861 2699 1073 2786 perpetuam
1091 2684 1322 2762 elemosinam
1339 2714 1404 2785 pro
1419 2688 1536 2763 salute
1553 2692 1673 2764 anime
1689 2715 1771 2764 mee
1784 2702 1823 2764 et
1835 2690 2118 2786 predecessorum

663 2852 827 2901 meorum
891 2827 1012 2913 Quare
1045 2827 1128 2898 volo
1162 2835 1205 2898 ut
1234 2828 1475 2921 prenominati
1504 2827 1615 2901 abbas
1645 2838 1684 2901 et
1712 2838 1914 2902 conventus
1943 2829 2121 2923 prefatam

665 2964 851 3039 eeclesiam
880 2974 1034 3038 teneant
1063 2975 1101 3038 et
1128 2960 1328 3060 pallideant
1354 2966 1401 3036 de
1427 2986 1487 3037 me
1514 2975 1553 3038 et
1581 2966 1775 3040 heredibus
1803 2970 1895 3040 meis
1926 2970 1979 3045 ita
2009 2967 2122 3039 libere

665 3106 787 3197 quiete
804 3103 965 3198 plenarie
988 3102 1027 3176 et
1051 3102 1246 3175 honorilice
1262 3099 1354 3175 siout
1372 3101 1494 3195 aliqua
1510 3104 1638 3176 domus
1655 3104 1840 3200 religionis
1855 3106 1893 3177 in
1912 3114 1991 3178 toto
2008 3128 2120 3201 regno

665 3240 874 3313 Scottorum
892 3240 1049 3333 aliquam
1067 3237 1253 3313 ecelesiam
1271 3241 1317 3312 de
1333 3239 1455 3333 aliquo
1478 3243 1613 3315 barone
1638 3241 1786 3315 liberius
1812 3245 1969 3336 quietius
1994 3242 2117 3338 plena·

665 3380 739 3449 rius
756 3386 860 3449 tenet
877 3386 915 3449 et
931 3377 1225 3449 honorificentius
1277 3374 1361 3449 Hiis
1378 3372 1530 3448 testibus

667 3644 852 3723 Permillio
869 3649 1072 3723 debitorum
1090 3645 1262 3744 religiosis
1280 3650 1325 3722 de
1342 3650 1462 3724 Soona
1473 3653 1520 3723 ab
1533 3650 1684 3724 Andrea
1696 3654 1833 3725 restore
1845 3653 1891 3725 de
1904 3652 2121 3728 Inohethor·

598 3939 643 4008 92
669 3902 812 4019 Offrib3
835 3927 900 3997 bas
917 3894 1024 3997 litsas
1050 3923 1176 3997 uisuris
1201 3925 1243 3997 ul
1266 3920 1416 3998 audit²is
1442 3923 1551 3998 Audi·
1571 3927 1689 3997 testor
1714 3925 1838 4000 licelie
1859 3930 1905 3999 de
1926 3928 2124 4003 Inohethor

668 4035 772 4138 Ellni
789 4066 827 4135 in
844 4062 917 4135 diro
932 4058 999 4135 sall
1017 4102 1025 4119 ·
1044 4062 1202 4135 Nouerit
1227 4035 1401 4135 vuillsrtas
1418 4064 1485 4136 uia
1499 4085 1557 4138 soe
1573 4063 1611 4135 in
1630 4065 1725 4137 bona
1739 4064 1898 4161 pspitate
1920 4088 2003 4139 mea
2018 4066 2123 4140 oesti-

667 4209 753 4274 tutr'r
770 4226 796 4298 p
814 4200 930 4273 salute
955 4199 1012 4272 aie
1033 4222 1115 4273 mee
1131 4210 1157 4269 ‘t
1173 4202 1272 4271 offriir
1291 4195 1456 4288 aneesl'on
1482 4223 1592 4289 meon
1608 4212 1633 4270 s
1649 4190 1830 4289 lireoellon
1854 4199 2023 4277 remisisse
2040 4208 2124 4277 viris

667 4333 838 4432 religiosis
855 4336 974 4409 antis
990 4338 1122 4435 pirntui
1136 4338 1182 4410 <le
1195 4335 1293 4411 Sooii
1310 4338 1432 4411 omnia
1448 4337 1571 4410 debita
1586 4339 1625 4409 in
1642 4338 1721 4432 q¹b3
1737 4343 1775 4435 g*
1790 4362 1850 4411 me
1866 4348 1951 4438 tepe
1967 4340 2124 4415 decessus

668 4476 738 4545 mei
760 4482 914 4567 q⁰oumqs
938 4473 1047 4545 titulo
1072 4474 1208 4547 fuerint
1233 4474 1382 4570 obligati
1399 4512 1409 4529 ·
1425 4473 1480 4559 Qs
1505 4474 1590 4547 uolo
1605 4486 1649 4548 ut
1665 4472 1692 4547 ss
1709 4473 1789 4571 post
1805 4474 1984 4551 deeeslum
2001 4502 2123 4552 meum

670 4610 766 4706 aliud
782 4604 1025 4682 instrumentis
1042 4607 1158 4705 sigillo
1174 4608 1238 4683 suo
1254 4607 1396 4707 signatu
1413 4614 1452 4685 ul
1468 4610 1496 4687 *ἶ
1512 4618 1562 4685 no
1579 4612 1721 4712 signatu
1744 4617 1831 4689 dios
1847 4620 1956 4691 ahbm
1971 4631 1998 4690 s
2013 4624 2124 4693 osism-

669 4760 750 4821 tum
767 4750 906 4843 eotigas
932 4770 1042 4841 penes
1062 4770 1121 4820 me
1146 4744 1303 4821 iueniat²
1320 4788 1328 4804 ·
1344 4744 1413 4821 illd
1438 4752 1563 4844 penit?
1580 4752 1692 4845 uirib3
1716 4749 1762 4825 sit
1787 4762 1904 4828 uacuis
1921 4768 1947 4827 z
1964 4759 2010 4829 de
2034 4730 2123 4831 cello

670 4886 831 4959 rillatan9
848 4880 981 4958 ualit²i1
1004 4922 1012 4941 ·
1030 4883 1075 4955 In
1093 4890 1134 4958 o9
1153 4886 1204 4959 rei
1221 4880 1430 4959 testimoniis
1453 4868 1576 4982 {lister
1601 4858 1710 4962 litias
1732 4888 1809 4963 eiiii
1831 4894 1942 4966 t‘didi
1959 4904 2125 4988 patetes·

670 5021 759 5095 'leil
782 5064 791 5081 ·
817 5022 853 5095 G
876 5062 884 5079 ·
911 5022 1002 5096 olioo
1028 5023 1074 5095 de
1100 5022 1241 5097 lillaone
1263 5066 1272 5083 ·
1290 5023 1347 5096 (ὶέ
1365 5064 1374 5081 ·
1392 5024 1484 5098 olioo
1509 5064 1518 5081 ·
1542 5025 1579 5097 A
1601 5066 1609 5082 ·
1635 5026 1682 5100 de
1706 5022 1812 5101 st²uel
1836 5027 1930 5105 olioo
1957 5071 1965 5091 ·
1984 5030 2019 5104 R
2045 5074 2053 5090 ·
2078 5037 2124 5107 de

672 5158 807 5257 balgall
821 5173 848 5232 t
865 5161 943 5233 aliis
961 5201 969 5218 ·
