4917 6509
665 852 713 918 54
1171 844 1330 917 LIBER
1356 842 1605 918 ECOLESIE
1937 864 2014 917 sac.
2033 863 2122 916 x111.

667 1177 852 1253 Promiffio
871 1180 1060 1255 Maloolmi
1078 1180 1171 1253 coia
1190 1181 1237 1255 de
1253 1180 1318 1253 Fif
1329 1181 1375 1253 de
1393 1180 1550 1278 piscariis
1567 1221 1575 1238 ·

596 1466 641 1529 85
670 1435 862 1533 Omnibus
887 1461 981 1532 hano
1007 1470 1144 1531 cartam
1167 1458 1293 1531 visuris
1318 1459 1358 1529 vl
1381 1452 1556 1532 audit²is·
1574 1456 1618 1529 M
1637 1496 1646 1516 ·
1664 1456 1796 1531 Comes
1820 1458 1867 1530 de
1892 1457 1956 1531 Fif
1976 1456 2123 1531 Salim·

669 1598 811 1669 Notum
829 1598 958 1670 faoim9
974 1570 1111 1670 unillfis
1127 1593 1179 1691 qd
1200 1620 1285 1670 eum
1302 1598 1442 1669 cundici
1464 1597 1511 1669 de
1527 1596 1648 1670 Soona
1673 1580 1876 1692 prodidlint
1892 1598 1966 1668 nob
1985 1607 2123 1669 canam

666 1736 939 1833 ‘tpiirmoobem
966 1732 1041 1807 Dui
1067 1735 1151 1834 Re&
1176 1734 1277 1807 Alea
1293 1731 1355 1827 q‘s
1379 1734 1516 1807 habent
1537 1732 1602 1831 sup
1619 1732 1721 1829 q‘rta
1740 1744 1806 1831 pte
1827 1736 1978 1829 piscarie
1995 1734 2061 1807 iire
2078 1736 2125 1807 de

669 1874 760 1947 Stau
778 1872 892 1945 Iuohe
913 1873 1071 1945 tenenda
1087 1894 1237 1967 quousq,
1252 1871 1403 1945 eooliam
1428 1872 1475 1944 de
1491 1870 1739 1968 Rotbgorthiri
1755 1874 1981 1967 optinuerint
2007 1874 2124 1945 ·siout

668 2014 706 2083 in
729 2012 798 2085 diis
821 2020 920 2083 carta
944 2010 1086 2105 plenius
1111 2006 1249 2108 ptinet²
1275 2048 1285 2067 ·
1312 2017 1401 2082 tuno
1426 2010 1598 2082 reddem9
1620 2012 1673 2083 eis
1698 2018 1836 2083 cartam
1861 2008 1943 2104 q‘m
1971 2010 2126 2083 habam?

668 2151 713 2221 de
739 2152 791 2222 eis
808 2151 846 2221 in
871 2146 915 2241 q‘
937 2148 1156 2221 confitentur
1178 2145 1229 2243 qd
1257 2157 1408 2243 optenta
1426 2128 1522 2243 Bada
1543 2146 1628 2221 eoo‘
1652 2148 1727 2221 libe
1750 2144 1902 2241 q‘ntum
1926 2152 1965 2221 in
1990 2151 2043 2221 eia
2068 2158 2124 2221 est

667 2296 869 2359 memorata
879 2284 1027 2381 piscaria
1039 2326 1047 2343 ·
1059 2286 1104 2361 ad
1121 2308 1187 2359 nos
1200 2286 1240 2357 vl
1251 2286 1362 2359 hedes
1374 2285 1459 2357 nios
1474 2283 1652 2359 reuertet²
1666 2340 1676 2357 .
1692 2298 1719 2355 *t
1734 2286 1803 2359 hoo
1819 2286 1886 2359 sub
1901 2310 1996 2381 pena
2011 2292 2124 2359 uentri

667 2420 1030 2517 marearu'pmifimus
1043 2449 1066 2496 a
1078 2422 1150 2496 noli
1164 2424 1203 2495 vl
1216 2449 1239 2497 a
1254 2419 1483 2517 suooefforib3
1498 2424 1574 2495 uiis
1589 2392 1715 2496 fidelil)
1727 2424 1934 2497 faciendum
1950 2464 1961 2482 ·
1980 2424 2026 2496 In
2043 2426 2125 2497 oui?

668 2564 718 2634 rei
736 2560 983 2635 testimonium
1000 2564 1084 2635 huie
1101 2560 1233 2657 scripto
1249 2558 1407 2657 sigillum
1420 2562 1502 2637 uim
1518 2562 1651 2655 apponi
1667 2561 1820 2633 fecimus
1837 2600 1847 2617 ·

669 2838 779 2911 Carta
796 2836 948 2911 Homini
965 2836 1070 2911 Baldi
1087 2834 1191 2932 super
1207 2838 1347 2909 duabus
1364 2836 1486 2909 botbis
1501 2846 1542 2908 et
1557 2835 1686 2909 solario
1702 2838 1741 2909 in
1759 2837 1882 2909 Pertb.

598 3121 643 3191 86
670 3090 863 3190 Omnibus
880 3113 944 3185 has
961 3112 1083 3185 literas
1101 3111 1226 3185 visuris
1243 3112 1301 3185 vel
1327 3114 1504 3185 audituris
1522 3112 1705 3187 Henrious
1729 3112 1858 3186 baldus
1883 3114 2062 3187 aurifaber
2077 3116 2123 3187 de

668 3253 780 3325 Pertb
797 3225 949 3322 salutem
1002 3250 1157 3323 Noverit
1179 3248 1394 3325 univeriitas
1411 3249 1529 3323 vestra
1552 3274 1615 3323 me
1636 3247 1770 3325 dedille
1794 3261 1833 3325 et
1858 3248 2061 3326 oonoeffill'e
2085 3262 2124 3325 et

667 3392 734 3461 bae
759 3396 859 3461 carta
882 3411 964 3459 mea
988 3387 1208 3460 confirmalle
1226 3388 1307 3460 Deo
1333 3400 1371 3461 et
1396 3385 1545 3461 ecelesia
1571 3388 1703 3461 Sanite
1719 3388 1907 3463 Trinitatis
1932 3400 1971 3463 et
1997 3390 2122 3464 Sandi

668 3524 860 3603 michaelis
883 3525 928 3595 de
946 3520 1066 3597 Seona
1090 3537 1128 3597 et
1153 3525 1276 3597 abbati
1302 3536 1340 3596 et
1365 3526 1547 3597 canonicis
1572 3527 1707 3598 ibidem
1724 3524 1807 3599 Deo
1823 3526 2061 3601 servientibus
2086 3540 2124 3601 et

669 3665 851 3736 servituris
876 3665 914 3734 in
939 3684 1066 3757 puram
1090 3671 1128 3733 et
1151 3672 1364 3756 perpetuam
1392 3659 1624 3735 elemosinam
1649 3663 1737 3735 duas
1763 3663 1892 3737 botbas
1916 3687 2016 3737 meas
2040 3690 2124 3739 oum

669 3802 795 3917 solario
811 3795 1032 3895 superposito
1049 3802 1088 3873 in
1104 3802 1219 3896 burgo
1236 3802 1283 3871 de
1300 3800 1413 3873 Perth
1438 3801 1478 3872 in
1503 3810 1599 3873 terra
1622 3801 1688 3874 illa
1711 3824 1820 3895 quam
1837 3800 2049 3876 Willelmus
2065 3807 2124 3899 pie

670 3942 841 4011 memorie
852 3939 935 4011 Rex
949 3938 1159 4026 Sopttorum
1177 3939 1287 4011 miehi
1304 3940 1406 4011 dedit
1423 3962 1487 4033 pro
1503 3940 1670 4035 homagio
1684 3950 1723 4011 et
1732 3937 1876 4013 servitio
1893 3964 1975 4013 meo
1987 3941 2125 4016 seilicet

670 4080 750 4152 illas
775 4080 863 4151 duas
889 4077 1018 4151 bothas
1044 4101 1115 4170 que
1131 4074 1216 4148 sunt
1244 4078 1284 4149 in
1310 4078 1429 4150 fronte
1446 4078 1517 4151 vici
1543 4076 1642 4149 illius
1669 4080 1731 4171 qni
1758 4081 1878 4151 tendit
1905 4081 1950 4151 de
1976 4078 2125 4153 ecclelia

669 4216 780 4289 sandi
805 4216 982 4289 Johannis
1001 4210 1157 4311 baptiste
1182 4212 1303 4287 versus
1328 4212 1528 4289 Castellum
1555 4217 1601 4288 de
1624 4216 1736 4289 Perth
1763 4219 1801 4288 in
1829 4204 1994 4291 orie'ntali
2022 4232 2124 4313 parta

670 4364 798 4426 contra
821 4354 969 4426 domum
986 4352 1135 4425 Andree
1160 4350 1225 4449 filij
1251 4354 1419 4447 Symonis
1435 4352 1606 4426 videlieet
1630 4354 1711 4426 illas
1737 4356 1826 4427 duas
1855 4355 1983 4427 botbas
2004 4356 2124 4428 versus

670 4492 874 4585 aquilonem
924 4492 1113 4563 Tenendas
1130 4501 1169 4563 et
1185 4492 1368 4564 habendas
1385 4493 1422 4562 in
1440 4501 1656 4585 perpetuum
1681 4491 1794 4565 libere
1819 4495 1943 4587 quiete
1965 4494 2124 4588 plenarie

671 4640 708 4702 et
726 4630 920 4703 honorifice
947 4629 1147 4700 Reddendo
1168 4630 1253 4701 inde
1270 4631 1468 4701 annuatim>
1482 4652 1625 4702 oamere
1651 4630 1787 4701 domini
1805 4630 1916 4726 Regis
1932 4630 2124 4703 Scotorum

671 4792 779 4841 unam
807 4768 935 4839 librom
961 4768 1094 4862 piperis
1119 4768 1164 4838 od
1190 4764 1322 4839 festum
1347 4766 1471 4839 Sanei
1487 4767 1679 4849 uuehoelu
1703 4790 1767 4862 pro
1792 4769 1891 4840 omni
1918 4766 2060 4841 servitio
2085 4780 2125 4840 et

670 4908 860 4989 monachis
879 4906 924 4979 de
942 4906 1064 4999 Gupro
1088 4906 1276 4977 annuatim
1301 4904 1487 4977 dimidiam
1512 4916 1652 4998 petram
1669 4929 1751 4977 oere
1768 4906 1813 4978 ad
1838 4906 2124 5000 purificationem

671 5048 778 5117 beate
794 5047 906 5117 marie
924 5044 1070 5115 nomine
1088 5040 1280 5116 elemosine
1331 5042 1382 5115 Et
1393 5053 1436 5115 ut
1453 5044 1519 5117 hec
1536 5044 1683 5115 donatio
1699 5066 1782 5117 mea
1793 5054 1873 5118 rata
1883 5043 1930 5117 iit
1946 5056 1985 5117 et
2002 5046 2125 5119 inoon·

670 5180 765 5255 uuila
781 5180 984 5276 presentem
1009 5182 1176 5277 paginam
1201 5178 1318 5277 sigillo
1334 5205 1417 5254 meo
1433 5182 1597 5255 roboravi
1648 5181 1698 5253 Et
1714 5184 1799 5275 quia
1818 5179 1976 5279 figillum
2001 5206 2123 5257 meum
