4917 6509
643 878 711 943 150
881 884 883 889 ’
1154 868 1312 941 LIBER
1337 868 1585 943 ECCLESIE
1919 890 1996 941 sne.
2015 890 2096 941 xri.

632 1032 818 1163 *quatenus
843 1070 889 1142 ad
915 1092 980 1140 uos
1005 1067 1141 1163 spectat
1162 1078 1312 1141 eatenus
1336 1067 1555 1139 adminiculo
1581 1068 1701 1138 fovere
1731 1062 1883 1159 poffibili
1910 1069 2098 1161 cupientes

641 1207 854 1301 prelibatum
880 1202 1067 1279 ecclesiam
1085 1205 1207 1277 sanai
1231 1204 1351 1299 Egidii
1376 1228 1460 1275 cum
1486 1204 1653 1275 omnibus
1670 1214 1708 1276 et
1725 1199 1872 1299 singulis
1897 1206 2096 1282 redditibus

640 1348 744 1417 terris
774 1340 1038 1439 possessionibus
1068 1344 1302 1437 proventibus
1332 1344 1506 1414 sruttibus
1534 1342 1812 1414 obventionibus
1839 1343 1988 1415 decimis
2022 1367 2096 1415 ma·

634 1484 773 1575 joribus
798 1493 836 1554 et
861 1482 1058 1554 minoribus
1083 1481 1234 1553 duribus
1259 1490 1298 1551 et
1322 1481 1551 1573 pertiuentiis
1575 1476 1748 1551 universis
1773 1477 1929 1573 ejusdem
1954 1482 2095 1575 prefato

639 1616 854 1693 monasterio
872 1621 917 1693 de
935 1618 1053 1693 Souna
1070 1628 1108 1690 et
1134 1621 1315 1691 canonicis
1337 1618 1472 1689 ibidem
1498 1618 1567 1688 deo
1591 1615 1830 1689 servientibus
1855 1628 1893 1689 et
1919 1622 2096 1715 imperpe-

640 1768 745 1827 tuum
771 1754 953 1829 servituris
979 1756 1288 1849 contemplatione
1315 1756 1374 1825 dei
1404 1765 1443 1826 et
1471 1750 1590 1827 saudbe
1616 1750 1765 1827 ecclesie
1790 1756 1836 1827 de
1860 1753 2030 1827 consensu
2056 1768 2095 1829 et

641 1892 776 1965 assensu
805 1894 953 1987 capituli
980 1890 1089 1965 nostri
1116 1891 1374 1965 Sansliandree
1399 1902 1546 1986 propter
1570 1894 1638 1964 hoc
1664 1890 1865 1986 specialiter
1889 1897 2094 1989 congregati

641 2033 892 2124 conjunximus
922 2031 1136 2102 anneximus
1162 2039 1200 2101 et
1225 2031 1407 2100 univimus
1431 2052 1474 2101 ac
1498 2038 1625 2101 tenore
1650 2028 1826 2124 presentis
1851 2040 1949 2102 curte
1978 2027 2096 2102 nostre

641 2170 890 2263 conjungimus
916 2164 1139 2241 annettimu's
1156 2178 1195 2239 et
1211 2169 1356 2238 unimus
1383 2165 1443 2238 Itu
1465 2163 1601 2261 quodsi
1628 2176 1667 2238 et
1693 2191 1776 2239 cum
1801 2170 1996 2264 contigerit
2021 2168 2096 2239 Do-

640 2309 780 2377 minum
809 2305 987 2378 Jacobum
1018 2304 1169 2399 Lyoune
1198 2327 1296 2376 nunc
1321 2305 1493 2376 vicarium
1520 2304 1614 2375 dicte
1641 2301 1791 2377 ecclesie
1821 2305 1944 2379 Sandi
1975 2306 2094 2403 Egidii

641 2432 759 2516 eidem
777 2445 904 2515 cedere
930 2443 987 2514 vel
1014 2444 1059 2514 ab
1087 2467 1131 2515 ea
1155 2443 1329 2515 decedere
1355 2452 1444 2513 tunc
1471 2442 1576 2514 cedat
1594 2439 1668 2536 ipsa
1693 2438 1842 2517 ecclesia
1859 2446 1897 2515 iu
1914 2440 1998 2518 usus
2015 2470 2095 2540 pro-

640 2583 736 2674 prios
754 2579 922 2675 sepedicti
938 2575 1145 2652 monasterii
1163 2589 1201 2652 et
1219 2582 1471 2652 canonicomm
1497 2580 1543 2649 ud
1568 2580 1738 2653 fabricam
1764 2577 1913 2654 eeclefie
1937 2583 2095 2677 ejusdem

641 2718 893 2811 perficiendam
923 2713 1189 2791 restaurandam
1216 2728 1255 2788 et
1279 2720 1546 2809 imperpetuum
1572 2712 1839 2790 sustentandam
1867 2720 1957 2791 adeo
1983 2722 2094 2793 libere

548 2916 551 2923 Δ
640 2866 678 2928 et
695 2860 819 2949 quiete
837 2855 1048 2927 durabiliter
1064 2857 1205 2950 integre
1223 2864 1262 2925 et
1278 2853 1426 2948 pacifice
1451 2854 1489 2923 in
1514 2853 1681 2925 omnibus
1706 2866 1745 2925 et
1769 2878 1835 2949 per
1857 2859 1978 2930 omnia
2002 2854 2094 2931 srcut

641 2992 777 3086 Aliqua
802 2987 949 3065 ecclesia
975 2992 1068 3063 iufra
1093 2988 1336 3085 episcopatum
1362 2985 1522 3060 nostrum
1549 2989 1695 3062 liberius
1717 2994 1874 3084 quietius
1899 2994 2096 3068 durabilius

639 3132 814 3226 integrius
839 3138 878 3200 et
903 3128 1150 3223 pacificentius
1174 3121 1369 3221 possidetur
1392 3123 1455 3198 seu
1480 3122 1653 3220 possidere
1676 3129 1785 3200 fuerit
1808 3129 2019 3203 consuetum
2045 3132 2120 3206 Et·

640 3269 735 3361 quod
766 3268 894 3338 eodem
920 3264 1001 3337 casu
1032 3265 1139 3337 liceat
1169 3261 1301 3335 eisdem
1332 3266 1512 3336 canonicis
1540 3264 1666 3358 perse
1691 3267 1749 3337 rel
1779 3268 1890 3339 alium
1920 3267 2096 3363 peffeffio-

640 3425 724 3472 nem
753 3395 901 3473 ecclesie
929 3409 1129 3471 memorate
1155 3402 1290 3471 intrare
1312 3412 1351 3471 et
1374 3426 1455 3473 eam
1482 3412 1607 3473 tenere
1630 3400 1693 3474 sua
1718 3408 1859 3497 propriu
1881 3410 2095 3481 undositate

640 3564 723 3612 cum
741 3540 908 3610 omuibus
919 3538 1061 3630 juribus
1079 3548 1117 3609 et
1134 3540 1364 3632 pertinentiis
1380 3534 1472 3609 sicut
1487 3535 1649 3630 superius
1666 3536 1720 3610 est
1740 3538 1941 3635 expressum
1960 3584 1968 3600 ·
1987 3544 2096 3617 Salva

640 3671 810 3772 pensione
827 3684 1002 3769 perpetua
1018 3675 1432 3769 quadragintaquinque
1448 3698 1648 3747 morcarum
1666 3687 1814 3749 monete
1827 3679 1950 3750 Scotie
1963 3679 2095 3753 usualis

640 3816 772 3886 vicario
790 3814 883 3883 diue
900 3807 1047 3883 ecclesie
1070 3814 1132 3904 qui
1155 3835 1219 3905 pro
1246 3821 1409 3905 tempore
1433 3812 1543 3883 fuerit
1569 3809 1649 3905 post
1674 3811 1806 3884 cessum
1832 3816 1890 3887 vel
1917 3814 2096 3889 decessum

641 3953 725 4023 disci
743 3952 878 4022 domiui
895 3949 919 4021 J
922 3950 1023 4022 acobi
1041 3950 1087 4020 de
1104 3950 1306 4021 redditibus
1323 3948 1481 4043 ejusdem
1499 3944 1646 4020 ecclesie
1662 3972 1727 4042 pro
1752 3949 1815 4022 sua
1836 3950 2095 4027 sustentatione

640 4088 823 4161 reddenda
839 4098 878 4159 et
894 4110 959 4180 per
984 4088 1139 4159 eundem
1157 4088 1330 4158 vicarium
1348 4088 1451 4158 annis
1468 4082 1615 4180 singulis
1641 4089 1861 4181 acceptanda
1886 4088 1937 4161 Et
1951 4092 2095 4183 juribus

641 4224 900 4320 episcopalibus
917 4233 956 4296 et
970 4222 1331 4296 Archidiuconalibus
1348 4247 1413 4317 per
1425 4224 1560 4294 discum
1573 4222 1760 4295 Vicarium
1775 4225 1820 4296 de
1835 4224 1911 4319 ipsa
1926 4224 2095 4322 pensione

640 4363 827 4435 aunuatim
843 4360 1022 4432 solvendis
1045 4359 1088 4430 In
1114 4362 1216 4453 cujus
1232 4362 1284 4432 rei
1302 4356 1547 4431 testimonium
1574 4360 1742 4457 Sigillum
1767 4359 1928 4455 nostrum
1954 4366 2097 4439 Auten-

641 4506 754 4579 ticum
781 4510 819 4573 et
844 4500 1012 4595 Sigillum
1031 4522 1224 4572 commune
1250 4499 1335 4570 diui
1361 4499 1511 4592 capituli
1536 4494 1646 4571 nostri
1670 4499 1827 4593 presenti
1853 4512 1951 4575 carte
1976 4502 2095 4576 nostre

631 4639 723 4711 'suut
741 4635 896 4734 appensa
919 4637 1030 4731 Apud
1057 4634 1402 4708 Santtumaudream
1420 4639 1530 4707 tertio
1548 4637 1606 4708 die
1623 4632 1752 4708 menfis
1778 4638 1870 4710 Maii
1897 4640 2007 4712 Auno
2034 4644 2095 4712 do-

641 4779 729 4849 mini
747 4774 937 4850 millesimo
956 4780 1053 4848 coomo
1069 4770 1300 4868 nonogesimo
1318 4776 1445 4865 quinto
1463 4813 1471 4829 ·
