4917 6509
347 904 435 953 nne.
446 904 523 957 sac.
536 905 560 954 1.
756 883 794 956 S.
816 881 1113 954 TRINI'I'ATIS
1140 880 1209 953 DE
1236 879 1381 953 SCON.
1727 889 1793 959 175

346 1078 552 1156 conccfferit
582 1092 620 1155 et
650 1083 844 1154 contulerit
874 1084 991 1154 eidem
1026 1078 1246 1153 Monasterio
1276 1092 1314 1152 et
1349 1084 1528 1153 canonicis
1561 1082 1694 1190 ibidem
1725 1082 1793 1151 deo

344 1218 580 1293 lbrvientibus
600 1230 639 1291 et
664 1223 929 1314 imperpetuum
945 1218 1127 1290 servituris
1153 1228 1268 1290 certas
1294 1226 1406 1290 terras
1423 1229 1461 1289 et
1479 1241 1616 1290 annuos
1631 1218 1793 1289 redditus

233 1352 236 1357 ‘
344 1359 381 1427 in
399 1381 525 1452 puram
542 1369 581 1430 et
597 1367 805 1452 perpetuam
834 1351 1060 1430 elemosmam
1087 1380 1151 1450 pro
1176 1357 1306 1448 quibus
1331 1354 1418 1429 dicti
1441 1355 1567 1428 Abbas
1583 1365 1622 1428 et
1638 1378 1793 1428 conven-

344 1506 403 1565 tus
433 1495 478 1565 de
507 1518 631 1565 eorum
658 1492 829 1567 consensu
860 1492 895 1565 se
922 1503 960 1565 et
990 1492 1069 1565 suos
1099 1490 1309 1565 successoros
1342 1494 1609 1587 imperpetuum
1638 1493 1793 1565 fideliter

343 1631 550 1727 obligabant
567 1633 662 1724 quod
685 1634 730 1704 ad
756 1633 868 1704 altare
894 1632 1098 1703 dedicatum
1125 1633 1160 1701 in
1187 1654 1318 1725 magna
1344 1627 1494 1703 ecclesia
1517 1628 1570 1701 sui
1588 1628 1791 1703 monasterii

343 1770 381 1839 in
410 1771 545 1841 honore
575 1770 681 1842 beate
711 1772 821 1843 morie
848 1769 1009 1865 Virginis
1039 1792 1104 1863 per
1128 1768 1263 1839 (lidum
1288 1769 1468 1860 qnondam
1497 1767 1702 1840 Johannem
1729 1770 1791 1839 do·

342 1908 480 1977 minum
510 1908 722 1979 adornatum
748 1902 883 1979 millam
909 1908 954 1977 de
984 1907 1079 1978 didta
1107 1907 1213 1977 beata
1239 1906 1378 2000 virgine
1407 1908 1506 1977 omni
1531 1906 1590 1977 die
1615 1906 1660 1977 de
1685 1929 1791 1977 mane

342 2043 513 2116 celebrari
542 2046 675 2117 faciant
706 2041 795 2117 licut
825 2022 928 2115 lolia
957 2044 1027 2115 fuit
1062 2046 1099 2115 in
1133 2044 1241 2116 choro
1270 2043 1443 2115 celebrari
1472 2068 1513 2116 ac
1543 2045 1654 2115 etiam
1683 2044 1790 2115 aliam

342 2178 478 2253 millam
496 2183 540 2254 ad
558 2183 693 2254 dittum
712 2182 824 2255 altare
841 2177 919 2275 post
936 2183 1067 2254 didam
1088 2178 1224 2253 millam
1242 2182 1350 2253 beate
1367 2182 1478 2252 marie
1495 2182 1641 2275 virginis
1658 2181 1790 2251 cotidie

340 2318 513 2391 celebrari
538 2342 602 2412 pro
627 2322 746 2392 anima
771 2320 855 2391 ditti
881 2320 1060 2412 quondam
1088 2321 1223 2390 domini
1249 2318 1426 2391 lobannis
1453 2318 1555 2411 Lyon
1581 2328 1621 2389 et
1644 2319 1790 2389 domine

340 2455 506 2530 lohanne
531 2454 655 2551 sponse
680 2455 741 2529 sue
767 2467 806 2528 et
831 2481 894 2549 pro
919 2458 1104 2529 animabus
1130 2460 1291 2529 omnium
1318 2452 1576 2529 antecellorum
1602 2470 1640 2526 et
1657 2454 1790 2527 succes·

340 2591 457 2665 sorum
483 2592 626 2667 snorum
653 2607 760 2689 prout
789 2597 826 2665 in
859 2595 1053 2666 evidenciis
1080 2598 1175 2667 inter
1204 2594 1318 2668 dictos
1348 2596 1511 2665 dominos
1538 2593 1721 2666 Abbatem
1752 2607 1790 2665 et

339 2741 559 2803 conventum
576 2742 615 2804 et
631 2732 811 2826 prefatum
832 2732 1012 2825 quondam
1038 2733 1223 2804 dominum
1246 2731 1271 2804 J
1274 2734 1453 2805 ohannem
1470 2732 1602 2804 exinde
1619 2733 1789 2803 conicitis

339 2868 480 2962 plenius
496 2870 702 2941 continetur
719 2868 878 2962 prefatus
896 2891 980 2940 varo
1001 2870 1166 2941 dominns
1182 2847 1368 2942 lohannes
1383 2869 1479 2941 iilius
1496 2869 1620 2941 volens
1637 2892 1683 2939 ex
1700 2893 1789 2962 pura

339 3006 530 3077 dovotione
559 3005 756 3098 prensum
784 3003 969 3079 servitium
994 3004 1192 3079 sustentare
1221 3017 1261 3078 et
1290 3032 1420 3103 augere
1450 3030 1513 3101 pro
1539 3004 1668 3078 salubri
1694 3003 1787 3077 statu

338 3142 391 3213 l'ui
409 3144 495 3213 dum
513 3145 643 3213 vixerit
668 3145 705 3213 in
732 3144 897 3215 humanis
923 3153 962 3215 et
986 3166 1050 3238 pro
1075 3140 1190 3216 salute
1214 3146 1334 3216 anime
1351 3143 1413 3215 sne
1438 3168 1521 3216 cum
1547 3146 1592 3216 ab
1617 3146 1684 3216 hac
1707 3144 1788 3215 luce

339 3282 544 3376 migraverit
572 3303 712 3351 necnon
742 3290 780 3351 et
809 3303 873 3374 pro
900 3278 1014 3353 salute
1043 3283 1243 3353 animarum
1274 3284 1435 3353 omnium
1466 3280 1724 3354 antecessorum
1750 3294 1788 3353 et

338 3415 569 3491 succellorum
586 3416 729 3489 suorum
756 3418 856 3489 dedit
882 3414 1051 3490 eonceffit
1068 3427 1107 3491 et
1124 3441 1188 3512 per
1212 3417 1396 3513 presentes
1421 3419 1645 3491 confirmavit
1670 3422 1787 3491 eidem

338 3552 551 3629 monasterio
568 3566 606 3627 et
623 3557 803 3628 canonicis
828 3555 962 3627 ibidem
988 3556 1056 3627 cleo
1072 3552 1309 3628 servientibus
1334 3567 1374 3627 et
1397 3558 1663 3650 imperpetuum
1681 3555 1788 3629 servi·

337 3696 426 3766 turis
442 3696 481 3765 in
506 3702 740 3789 augmentum
766 3692 853 3766 didti
879 3694 990 3765 divini
1008 3693 1141 3765 servitii
1167 3694 1212 3764 ad
1238 3694 1373 3765 ditum
1399 3694 1512 3767 altars
1530 3690 1619 3766 licut
1639 3699 1787 3788 premit-

337 3836 427 3905 titur
456 3832 588 3904 cotidie
616 3831 770 3903 faciondi
800 3833 1036 3927 qnadraginta
1063 3829 1192 3902 solidos
1221 3832 1386 3903 annualis
1411 3832 1574 3903 redditus
1598 3835 1783 3919 annuatim

337 3971 507 4044 levandos
523 3979 562 4041 et
578 3970 824 4063 precipiendos
850 3969 895 4041 de
916 3972 1020 4041 terris
1036 3969 1109 4041 suis
1133 3969 1281 4040 baronie
1306 3970 1352 4041 de
1368 3968 1638 4064 fforgundevyni
1656 3969 1786 4041 lacen-

337 4109 433 4179 tibus
450 4107 544 4178 infra
559 4108 850 4179 vicecomitatum
869 4108 914 4179 de
933 4106 1043 4180 Pertlr
1069 4102 1220 4178 Tenend
1246 4116 1284 4177 et
1310 4103 1454 4178 babenti
1471 4108 1606 4177 didtum
1622 4128 1782 4178 annuum

336 4244 514 4316 redditum
551 4244 787 4339 quadraginta
819 4242 1011 4316 solidorum
1051 4241 1183 4315 eisdem
1217 4240 1388 4339 religiolis
1422 4254 1460 4315 et
1494 4267 1617 4315 eorum
1650 4243 1783 4316 succes-

334 4380 470 4453 soribus
494 4384 531 4453 in
559 4378 642 4453 usus
666 4403 876 4453 communes
901 4384 1153 4453 canonicorum
1179 4377 1419 4453 claustralium
1449 4391 1488 4454 et
1517 4383 1783 4455 ebdomadario-

334 4542 414 4591 rum
432 4521 492 4611 qui
510 4541 574 4612 pro
591 4531 753 4611 tempore
769 4518 906 4590 iruerint
922 4519 1053 4590 bituris
1070 4521 1254 4612 perpetuis
1271 4519 1492 4613 temporibus
1508 4518 1731 4592 convertend
1744 4523 1782 4591 in

335 4657 483 4729 liberam
500 4678 626 4750 puram
645 4665 682 4727 et
698 4664 910 4750 perpetuam
928 4653 1156 4730 elemosinam
1175 4679 1258 4729 cum
1276 4658 1441 4730 omnibus
1458 4668 1497 4730 et
1513 4654 1659 4754 lingulis
1676 4660 1781 4731 liber·

334 4796 470 4867 tatibus
496 4792 810 4865 commoditatibus
840 4802 878 4863 et
905 4788 1108 4866 adamantis
1137 4795 1182 4866 ad
1212 4792 1348 4866 didtum
1379 4794 1570 4867 annualem
1599 4796 1780 4867 redditum

334 4932 571 5028 quadraginta
603 4927 794 5002 solidorum
828 4928 1072 5023 spectantibus
1106 4928 1165 5003 len
1194 4927 1294 5026 juste
1322 4931 1478 5026 spsstarc
1507 4932 1710 5006 valentibus
1742 4937 1780 5005 in

333 5075 495 5144 futurum
521 5069 610 5141 adeo
635 5067 746 5139 libero
773 5080 811 5140 et
838 5069 959 5160 quieto
989 5072 1128 5166 integre
1157 5070 1351 5143 honorilice
1378 5071 1471 5142 bene
1498 5074 1598 5141 etin
1628 5096 1715 5166 pace
1741 5077 1778 5143 in
