4917 6509
347 864 434 922 uns.
453 866 567 919 unco.
757 847 794 918 S.
820 845 1119 920 TRINITATIS
1146 848 1216 921 DE
1243 846 1388 922 SCON.
1763 857 1803 921 11

346 1180 456 1255 Carta
473 1183 663 1257 Maloolmi
680 1185 791 1281 Regis
808 1186 853 1259 da
870 1185 1010 1259 duobus
1025 1186 1164 1258 retibus
1181 1183 1288 1280 super
1303 1183 1368 1259 Tei
1386 1196 1424 1258 et
1442 1209 1515 1257 uno
1531 1183 1637 1281 super
1654 1184 1800 1259 Foreth.

277 1414 336 1522 12!
348 1432 585 1531 Malcolmus
602 1456 686 1532 Rex
703 1456 915 1532 Scottorum
932 1459 1099 1531 omnibus
1125 1459 1247 1553 probis
1270 1460 1477 1532 hominibus
1494 1462 1609 1533 totius
1626 1470 1723 1534 terre
1738 1460 1801 1534 sue

344 1594 496 1669 salutem
558 1595 690 1669 Sciatis
716 1620 776 1669 me
802 1594 1003 1672 conoeffiffe
1026 1609 1064 1671 et
1086 1600 1154 1671 hac
1177 1621 1261 1670 mea
1286 1607 1386 1671 carta
1413 1584 1635 1673 confirmaffe
1657 1600 1737 1673 Deo
1761 1611 1801 1674 et

344 1731 492 1807 ecclesie
516 1732 647 1807 sanae
669 1734 856 1809 Trinitatis
879 1736 925 1809 do
946 1733 1043 1809 Soon
1066 1745 1105 1808 et
1125 1734 1265 1809 Abbati
1288 1744 1327 1808 et
1351 1733 1532 1809 canonicis
1561 1736 1698 1809 ibidem
1720 1738 1800 1811 Deo

343 1869 584 1945 seruientibus
601 1873 672 1944 duo
694 1874 786 1945 retia
808 1871 914 1967 super
929 1870 994 1945 Tei
1018 1896 1130 1945 vuum
1152 1871 1290 1947 scilicet
1312 1874 1352 1945 in
1367 1872 1613 1969 Kencsrekyn
1638 1873 1737 1949 aliud
1762 1879 1800 1948 in

343 2007 467 2082 Insula
490 2012 585 2106 regis
614 2019 652 2084 et
685 2032 796 2081 vnum
828 2010 931 2083 rethe
956 2007 1062 2105 super
1096 2010 1231 2083 Forcth
1259 2013 1355 2105 apud
1391 2010 1568 2099 Striuelin
1617 2012 1800 2086 Tenendis

341 2146 395 2218 ita
411 2146 524 2220 libere
541 2156 580 2221 et
596 2149 719 2241 quiete
738 2157 780 2220 ut
792 2147 913 2241 aliqua
928 2150 1021 2221 retia
1037 2150 1075 2220 in
1091 2150 1193 2242 aquis
1210 2158 1308 2222 terre
1324 2172 1407 2223 mee
1424 2173 1446 2223 a
1462 2147 1634 2245 religiosis
1651 2149 1799 2224 liberius

342 2292 381 2357 at
414 2286 571 2377 quietius
605 2294 777 2360 tenentur
810 2295 849 2358 ct
878 2280 1100 2379 poffideutur
1160 2282 1325 2360 Testibus
1355 2286 1551 2383 Engelram
1584 2290 1798 2363 cancellario

343 2419 511 2495 Waltero
528 2422 603 2495 filio
620 2422 732 2497 Alani
749 2423 909 2520 dapifero
928 2421 1082 2497 Nicolao
1099 2427 1294 2499 camerario
1344 2424 1457 2521 Apud
1475 2424 1685 2499 Striueline.

342 2695 452 2773 Carta
468 2698 658 2775 Molcolmi
676 2699 787 2795 Regis
803 2701 849 2772 de
866 2699 995 2794 viginti
1012 2698 1133 2773 solidis
1149 2702 1195 2775 ad
1213 2700 1338 2775 lumen
1355 2697 1513 2775 ecclesie.

274 2940 333 3047 13‘
344 2950 581 3048 Mslcolmus
598 2974 681 3047 Rex
699 2974 909 3049 Scottorum
926 2976 1094 3048 omnibus
1119 2977 1240 3071 probis
1262 2976 1468 3049 hominibus
1491 2978 1606 3049 totius
1624 2986 1719 3050 terre
1735 2976 1798 3050 sue

340 3111 493 3187 salutem
505 3113 636 3186 Sciatis
647 3134 707 3183 ms
718 3106 919 3185 conceffiffe
932 3120 971 3185 et
982 3114 1051 3186 hac
1062 3133 1145 3185 mea
1158 3120 1258 3185 carta
1270 3110 1490 3185 confirmaffe
1503 3113 1583 3184 Deo
1597 3121 1635 3186 et
1649 3111 1797 3186 ecclesie

340 3249 474 3324 Sancte
490 3250 677 3322 Trinitatis
694 3249 740 3322 de
758 3248 854 3323 Soon
868 3259 907 3322 et
919 3249 1041 3323 abbati
1060 3258 1098 3322 et
1111 3250 1292 3323 canonicis
1308 3249 1444 3322 ibidem
1462 3250 1544 3324 Deo
1557 3248 1797 3324 seruientibus

340 3389 387 3462 ad
404 3376 528 3461 lumen
545 3390 684 3482 prefato
701 3384 849 3460 ecclefio
865 3390 995 3484 viginti
1012 3385 1142 3459 solidos
1160 3388 1205 3459 de
1217 3388 1413 3460 firmamca
1423 3388 1469 3461 de
1483 3388 1572 3462 Pert
1589 3398 1628 3461 et
1640 3390 1685 3461 ad
1699 3389 1796 3461 idem

341 3528 528 3623 negotium
546 3528 672 3600 decem
684 3524 814 3598 solidos
827 3525 873 3598 de
889 3526 993 3598 firma
1004 3526 1158 3598 duorum
1171 3525 1460 3598 molendinorum
1472 3549 1636 3599 meorum
1649 3528 1695 3599 de
1708 3526 1797 3600 Part

341 3686 412 3757 qua
437 3662 521 3736 sunt
537 3662 643 3757 super
667 3686 811 3736 amnem
834 3663 879 3735 ds
897 3686 1007 3736 amun
1032 3671 1072 3735 et
1089 3662 1267 3735 decimam
1284 3664 1483 3735 eorundem
1504 3664 1796 3737 molendinorum

341 3802 476 3896 paritor
492 3801 665 3897 prohibeo
681 3802 805 3894 itaque
830 3808 872 3872 ut
897 3799 1019 3872 nullus
1044 3801 1096 3872 eis
1113 3801 1307 3893 quicquam
1323 3799 1409 3873 inde
1425 3800 1557 3874 iniuste
1573 3802 1714 3875 auferre
1731 3811 1797 3875 aut

341 3939 504 4012 detincre
533 3936 714 4034 presumat
738 3935 845 4033 super
874 3935 1091 4010 foriffadcum
1121 3959 1245 4009 meum
1295 3934 1459 4010 Tcstibus
1486 3936 1683 4033 Eugelram
1712 3962 1802 4013 can«

342 4075 487 4151 oellmio
506 4074 673 4150 Waltoro
689 4074 765 4148 filio
781 4074 894 4148 Alani
912 4074 1071 4169 dapifero
1121 4074 1234 4169 Apud
1251 4071 1461 4149 Striueline.

342 4348 454 4424 Carta
469 4348 660 4424 Malcolmi
677 4348 788 4445 Regis
805 4349 852 4421 de
869 4348 963 4421 tofto
980 4350 1019 4421 in
1037 4346 1216 4423 Linlidcu.

274 4591 335 4698 14⁴
345 4601 581 4699 Malcolmus
592 4624 676 4698 Rex
686 4622 897 4697 Scottorum
909 4624 1113 4697 vicecomiti
1124 4621 1186 4696 suo
1198 4594 1611 4719 etburgenfibussuisde
1622 4624 1792 4699 Linlidcu

342 4772 382 4836 et
398 4764 565 4836 omnibus
582 4760 662 4835 aliis
678 4760 799 4856 probis
816 4761 1022 4833 hominibus
1039 4758 1110 4833 suis
1128 4762 1174 4833 de
1191 4759 1434 4834 Linlidcuikir
1450 4759 1604 4834 salutem
1660 4762 1791 4835 Sciatis

341 4924 402 4975 mc
419 4896 551 4973 dediffe
567 4908 607 4973 st
623 4900 691 4972 hoc
707 4921 789 4972 mes
801 4907 901 4973 carta
912 4892 1223 4971 coufirmaffe'Deo
1240 4906 1279 4971 et
1296 4894 1444 4973 ecclesio
1461 4896 1594 4972 Saudo
1605 4898 1792 4971 Trinitatis

343 5040 389 5112 dc
415 5037 511 5112 Scon
529 5046 568 5111 st
584 5036 707 5111 abbati
732 5045 771 5109 et
796 5005 977 5110 canonicis
1002 5033 1136 5107 ibidem
1154 5032 1236 5109 Deo
1252 5032 1492 5109 seruientibus
1508 5058 1619 5109 vnum
1644 5035 1792 5110 tosttum
