4917 6509
673 808 719 875 80
1186 801 1344 874 LIBER
1369 801 1619 877 auctusne
1667 893 1671 899 Ι
1947 829 2024 879 sec.
2044 828 2133 882 xm.

672 996 955 1095 predecessorum
980 996 1181 1072 nostrorum
1199 997 1359 1097 vestigiis
1383 1002 1591 1073 inherentes
1616 996 1859 1075 concelliones
1880 995 1920 1076 et
1946 1008 2136 1081 confirma

672 1144 789 1213 tiones
806 1164 829 1212 a
845 1136 1147 1234 predecessoribus
1172 1137 1302 1212 nostris
1327 1141 1446 1213 eidem
1462 1136 1680 1213 monasterio
1696 1141 1743 1211 de
1759 1140 1881 1214 Scona
1896 1152 1936 1215 et
1952 1148 2134 1219 canonicis

672 1279 807 1351 ibidem
834 1278 901 1349 deo
920 1274 1157 1349 servientibus
1180 1278 1220 1349 in
1245 1289 1461 1372 perpetuum
1479 1279 1591 1351 fades
1608 1278 1722 1351 Rotas
1737 1280 1914 1353 habemus
1931 1322 1939 1339 ·
1958 1292 1998 1354 et
2013 1280 2136 1356 notha

673 1412 875 1509 Episcopali
893 1415 1108 1486 autoritate
1123 1424 1233 1507 prout
1249 1415 1334 1487 inde
1352 1424 1391 1487 et
1406 1414 1550 1511 plenius
1561 1416 1657 1487 face
1674 1412 1757 1488 sunt
1774 1427 1812 1489 et
1829 1416 1990 1491 concesse
2008 1423 2134 1493 confir-

670 1572 810 1623 mamus
828 1592 836 1609 ·
857 1552 1038 1625 Volumus
1056 1560 1180 1623 autem
1199 1563 1237 1623 et
1254 1554 1485 1625 concedimus
1511 1555 1606 1647 quod
1624 1577 1750 1629 omnes
1766 1551 1933 1629 ecclesias
1949 1566 1989 1629 et
2010 1567 2125 1632 terras

672 1691 724 1760 eis
742 1713 763 1763 a
779 1686 1082 1783 predecessoribus
1106 1685 1236 1760 nostris
1253 1690 1291 1760 in
1308 1692 1470 1785 proprios
1491 1689 1575 1763 usus
1597 1690 1775 1764 concessas
1792 1693 1883 1764 adeo
1900 1693 2013 1767 libere
2029 1706 2132 1769 teue-

671 1837 736 1899 ant
759 1839 797 1899 et
822 1822 1022 1920 possideant
1045 1822 1138 1899 ficut
1164 1826 1286 1919 aliqua
1307 1828 1478 1901 abbathia
1500 1831 1539 1900 in
1558 1852 1672 1924 regno
1690 1826 1802 1901 scotie
1826 1828 1949 1924 aliqua
1971 1830 2133 1907 concessa

671 1974 774 2037 tenet
792 1964 850 2036 vel
866 1960 1018 2058 pollidet
1032 1962 1228 2036 secuudum
1247 1965 1400 2037 formam
1418 1961 1684 2039 conceffionum
1701 1964 1808 2039 saluis
1824 1968 1929 2040 nobis
1946 1979 1985 2041 et
1997 1965 2134 2043 succes-

605 2118 608 2123 ·
670 2101 807 2175 foribus
837 2099 966 2174 nostris
993 2100 1265 2197 Episcopalibns
1317 2103 1500 2175 Volumus
1530 2106 1642 2175 etiam
1668 2118 1707 2176 et
1738 2106 1972 2178 concedimus
1999 2105 2132 2180 eisdem

671 2242 851 2315 canonisis
868 2238 1064 2312 secundum
1081 2241 1177 2333 quod
1195 2236 1279 2335 ipsis
1296 2264 1318 2313 a
1333 2237 1637 2336 predecessoribus
1653 2238 1783 2314 nostris
1800 2238 1855 2315 est
1871 2240 2073 2317 concessum
2091 2257 2133 2317 ut
2286 2260 2295 2275 ·

671 2373 832 2451 ecclesiis
844 2376 918 2450 suis
933 2378 1028 2451 infra
1051 2374 1220 2451 diocesim
1246 2376 1404 2451 nostram
1430 2375 1636 2452 constitutis
1663 2404 1728 2473 per
1752 2382 1911 2475 ‘ydoneos
1927 2383 2134 2475 capellanos

672 2520 711 2587 in
737 2527 953 2611 perpetuum
971 2512 1103 2610 pollint
1122 2513 1299 2589 deservire
1322 2525 1360 2588 et
1377 2515 1521 2589 eosdem
1546 2517 1751 2611 capellanos
1768 2528 1876 2611 prout
1892 2514 1958 2591 fibi
1976 2522 2133 2595 viderint

671 2656 845 2749 expedire
862 2678 927 2750 pro
944 2666 1109 2749 ternpore
1126 2657 1285 2727 retinere
1301 2664 1340 2727 et
1357 2678 1535 2729 amovere.
1580 2656 1679 2729 Dum
1697 2667 1821 2728 tamen
1838 2658 1936 2729 idem
1952 2658 2129 2754 capellani

670 2793 775 2863 nobis
805 2800 843 2863 et
869 2789 1122 2865 successoribus
1152 2788 1282 2864 nostris
1309 2792 1369 2865 rel
1396 2790 1525 2864 nostris
1552 2794 1763 2867 officialibus
1792 2793 1851 2865 vel
1879 2797 2038 2891 capitulo
2062 2799 2131 2871 loci

671 2925 866 3001 secundum
898 2928 1046 3003 diocesis
1076 2927 1376 3002 consuetudinem
1410 2926 1665 3024 presentemur
1714 2931 1760 3003 In
1790 2932 1892 3026 cujus
1924 2932 1997 3005 Rei
2029 2932 2132 3006 testi-

669 3070 831 3139 monium
848 3065 1005 3162 presenti
1030 3066 1162 3160 scripto
1180 3063 1338 3164 sigillum
1354 3064 1516 3139 nostrum
1542 3070 1695 3141 fecimus
1720 3074 1852 3164 apponi
1877 3061 2017 3143 Datum
2034 3075 2128 3167 apud

678 3204 812 3277 carrale
839 3206 898 3278 die
919 3208 1016 3299 jovis
1041 3208 1206 3301 proximo
1232 3215 1319 3285 autc
1345 3203 1475 3278 festum
1502 3203 1612 3279 santii
1641 3206 1758 3280 Marci
1785 3206 2005 3303 ewangelisti
2035 3235 2130 3281 anno

670 3343 789 3435 gracie
806 3343 912 3415 m⁰cc⁰
928 3339 1147 3439 sexagesimo
1165 3340 1279 3415 sexto.

672 3613 782 3686 Carta
798 3616 1015 3687 venditionis
1034 3614 1212 3709 Stephani
1231 3615 1276 3687 de
1294 3614 1518 3710 Melginche.

576 3896 646 3967 116
672 3868 873 3964 Universrs
901 3891 966 3963 has
995 3890 1135 3963 litteras
1162 3887 1288 3962 visuris
1317 3891 1374 3963 vel
1402 3890 1578 3963 audituris
1605 3892 1814 3985 Stephanus
1845 3892 1890 3964 de
1919 3891 2130 3989 Melginche

672 4028 823 4101 salutem
875 4027 1030 4101 Noverit
1047 4023 1260 4101 universitas
1279 4026 1395 4101 vestra
1412 4051 1471 4101 me
1488 4053 1553 4123 pro
1570 4053 1702 4125 magna
1718 4026 1929 4103 necessitate
1946 4054 2027 4103 mea
2044 4056 2131 4104 ven-

672 4162 795 4239 didisse
813 4169 993 4240 canonieis
1011 4169 1056 4238 de
1070 4164 1190 4239 Scona
1205 4168 1252 4239 ad
1269 4168 1516 4261 operationem
1525 4162 1678 4239 ecclesie
1695 4167 1842 4239 domum
1861 4192 1969 4262 quam
1983 4168 2130 4242 Gilcrist

671 4304 791 4376 tenuit
805 4327 887 4377 cum
903 4305 996 4376 tofto
1009 4300 1170 4399 plenario
1188 4314 1226 4376 et
1244 4326 1327 4376 eum
1346 4302 1485 4376 duabus
1501 4304 1593 4375 acris
1610 4306 1647 4375 in
1661 4304 1750 4375 villa
1766 4306 1811 4376 de
1824 4304 1980 4379 balursm
1994 4304 2130 4380 scilicet

672 4454 710 4511 et
728 4462 846 4513 acram
864 4461 973 4532 quam
998 4443 1094 4513 idem
1113 4437 1261 4514 Gilcrist
1285 4443 1407 4512 tenuit
1432 4450 1471 4512 et
1495 4439 1603 4512 aliam
1629 4442 1830 4534 proximam
1849 4466 1895 4514 ex
1913 4446 2129 4518 occidentali

673 4586 775 4672 parte
792 4578 1016 4671 adjacentem
1034 4601 1098 4672 pro
1116 4579 1255 4650 duabus
1280 4580 1409 4652 marcis
1434 4580 1574 4673 argenti
1593 4600 1682 4670 quas
1698 4581 1818 4673 recepi
1835 4582 1881 4652 ab
1899 4582 1951 4653 eis
1968 4582 2128 4655 Tenend.

670 4712 737 4789 libi
754 4717 792 4787 in
809 4714 1024 4809 perpetuum
1042 4715 1087 4787 dc
1105 4737 1164 4786 me
1182 4725 1220 4787 et
1236 4716 1430 4787 heredibus
1446 4714 1537 4787 meis
1551 4724 1626 4787 tam
1644 4714 1757 4788 libers
1770 4754 1778 4771 ·
1792 4726 1868 4789 tam
1886 4720 2009 4810 quiete
2028 4758 2035 4777 ·
2054 4731 2128 4792 tam

672 4853 831 4945 plenarie
849 4849 940 4925 ficut
965 4851 1085 4945 aliqua
1110 4852 1239 4924 domus
1256 4850 1457 4947 Religionis
1483 4852 1520 4923 in
1548 4861 1626 4924 toto
1650 4850 1778 4948 Regno
1796 4851 1924 4928 Scocie
1942 4880 1987 4941 er
2007 4860 2130 4929 vendi·
