4917 6509
329 818 504 868 anemo.
520 819 544 868 1.
740 796 778 869 S.
803 795 1100 869 TRINITATIS
1126 796 1196 869 ΒΕ
1223 797 1370 870 SCON.
1708 802 1777 876 169

327 997 507 1091 gubnator
524 998 763 1068 vicecomitis
781 995 924 1069 balliuis
937 994 1008 1068 suis
1021 996 1066 1067 de
1077 996 1189 1067 Parth
1202 996 1355 1069 salntem
1369 1037 1378 1054 ·
1393 1035 1401 1051 ·
1415 997 1549 1071 Sciatis
1558 1022 1623 1069 nos
1636 996 1777 1093 iuspem

254 1212 257 1219 λ
328 1130 429 1205 ilsoa
455 1132 655 1228 deligenter
679 1114 871 1206 confidere
896 1143 1031 1206 cartam
1058 1133 1266 1205 Recolendc
1290 1137 1464 1206 memorie
1489 1135 1642 1208 Roberti
1667 1137 1777 1233 Regis

328 1270 440 1343 scocie
456 1274 516 1344 aui
533 1274 589 1343 ni‘i
604 1292 617 1342 s
632 1295 656 1369 p
673 1295 781 1366 quam
797 1273 900 1345 nobis
917 1270 1056 1344 constat
1072 1274 1122 1345 ud
1143 1272 1255 1366 plem‘r
1279 1270 1479 1369 Religiolbs
1495 1276 1589 1346 viros
1605 1274 1736 1347 abbam
1752 1285 1777 1346 *t

329 1418 525 1483 conantum
536 1381 687 1503 mo‘sllij
703 1411 748 1482 de
758 1412 879 1483 Scoua
895 1407 995 1481 suilla
1012 1434 1054 1482 ac
1066 1410 1142 1481 fore
1159 1412 1197 1481 in
1214 1406 1421 1504 poffaffione
1435 1413 1584 1506 pmifica
1598 1413 1779 1507 pcipidndi

329 1545 475 1621 seura
503 1550 658 1621 decimas
685 1548 731 1620 ee
755 1548 856 1619 funs
881 1518 972 1634 lat
995 1548 1041 1618 ae
1068 1546 1209 1620 natea
1237 1549 1283 1619 ee
1306 1550 1508 1643 kynfawnis
1532 1548 1609 1621 nu
1633 1550 1779 1623 tunam

330 1695 430 1783 viam
447 1688 561 1759 eciam
579 1710 622 1758 eo
640 1697 763 1779 tempe
779 1710 851 1779 quo
868 1687 935 1758 doe
951 1656 1015 1757 pre
1038 1686 1083 1757 ad
1106 1684 1237 1757 limam
1259 1686 1447 1759 bladorum
1461 1708 1473 1757 s
1485 1684 1581 1759 sicut
1597 1712 1641 1759 eo
1657 1695 1780 1780 tempe

329 1848 399 1916 quo
417 1826 462 1897 ad
480 1825 653 1912 denariop
673 1823 812 1897 firmam
836 1794 943 1896 filant
965 1819 1118 1897 alsedate
1143 1832 1214 1914 put
1237 1825 1277 1895 in
1302 1835 1401 1897 carta
1422 1826 1491 1897 ddi·
1504 1823 1567 1897 diii
1589 1828 1648 1897 nii
1670 1826 1781 1921 Regis

330 1958 471 2055 plenius
482 1958 661 2035 contiuet²
676 2004 684 2019 ·
699 1962 815 2034 Vobis
828 1962 1076 2033 mandamus't
1090 1943 1271 2058 Bcipimus
1281 1958 1425 2055 q‘tinus
1438 1958 1678 2057 vilispiitibus
1689 1960 1782 2039 lusto

329 2101 521 2173 nindilate
543 2100 768 2194 compellatis
791 2101 875 2171 ddas
897 2071 975 2171 lras
997 2112 1023 2171 *t
1045 2098 1262 2172 litetenetea
1288 2098 1386 2187 caud
1401 2102 1448 2173 ad
1465 2097 1690 2173 satiffaciend
1707 2103 1782 2174 ddis

330 2234 518 2335 Religiofis
535 2239 580 2311 do
597 2240 674 2310 ddis
690 2236 830 2309 secudis
847 2237 995 2309 decimis
1013 2239 1057 2309 de
1074 2247 1153 2309 toto
1171 2237 1295 2335 tempe
1311 2236 1469 2311 t‘nsaeo
1483 2260 1495 2309 r
1510 2260 1583 2332 quo
1599 2237 1718 2332 scilip·
1737 2242 1783 2312 ab

329 2374 417 2471 ipae
433 2375 577 2449 solucde
594 2372 763 2448 cessatum
781 2346 862 2448 illut
877 2387 903 2446 *t
921 2345 1096 2469 fimplioii
1112 2376 1157 2447 de
1180 2346 1275 2447 Pmis
1297 2388 1323 2445 t:
1348 2376 1531 2468 tempibus
1555 2379 1627 2449 iam
1653 2378 1784 2449 futuris

329 2512 389 2587 Ita
414 2540 441 2611 q
466 2536 530 2610 pro
548 2512 614 2584 vio
640 2514 784 2585 defectu
807 2535 880 2583 non
906 2522 1072 2607 oporteat
1094 2516 1180 2587 ddos
1206 2511 1406 2611 Religiosos
1425 2514 1493 2609 sup
1514 2515 1584 2588 hoc
1600 2486 1718 2588 villius
1737 2517 1783 2588 ad

329 2675 393 2723 nos
418 2674 582 2724 recurere
607 2650 815 2749 pquerendo
834 2688 841 2705 ·
859 2648 1070 2723 inhibemus
1096 2650 1198 2750 insup
1219 2676 1266 2724 ne
1291 2655 1372 2746 quis
1396 2656 1523 2747 quouis
1539 2650 1719 2747 potestate
1743 2653 1785 2725 ul

329 2788 455 2863 auc‘te
477 2790 563 2861 ddos
587 2786 785 2883 Religiosos
802 2786 867 2885 sup
885 2788 962 2860 dtis
984 2787 1123 2861 sucidis
1147 2792 1246 2863 decis
1267 2801 1333 2863 aut
1357 2814 1427 2879 eap
1451 2791 1610 2885 pcepeoo
1635 2792 1785 2884 impedi·

329 2934 429 3000 metir
456 2924 590 3023 prestet
605 2948 616 2997 s
633 2950 828 3022 grauauum
850 2937 915 2997 aut
938 2924 1137 2999 molestiam
1163 2929 1295 3001 inferat
1317 2951 1461 3022 quoquo
1483 2929 1591 3000 modo
1608 2966 1617 2987 ·
1636 2925 1702 3021 sup
1722 2925 1783 2999 diii

329 3064 388 3135 u'ii
406 3063 516 3159 Regis
532 3076 559 3134 qt
575 3070 678 3135 niam
688 3062 857 3155 plenaria
874 3059 1101 3136 soriffafflam
1119 3104 1127 3123 ·
1146 3064 1221 3139 Dat
1237 3065 1304 3139 sub
1320 3064 1435 3162 figillo
1452 3074 1519 3138 nio
1535 3063 1672 3139 secreto
1689 3069 1784 3160 apud

329 3200 434 3294 perth
451 3201 592 3273 decimo
609 3202 736 3271 octauo
757 3199 815 3271 die
836 3196 966 3271 meufis
991 3199 1202 3296 ffebruarijv·
1223 3204 1335 3275 Anno
1358 3202 1422 3275 diii
1444 3202 1546 3278 millo
1572 3245 1580 3261 ·
1607 3203 1785 3290 Quadrin-

329 3342 410 3433 geffl'
428 3379 436 3395 ·
455 3334 622 3410 vicesimo
640 3340 754 3431 primo
773 3378 781 3394 ·
802 3336 851 3408 Et
869 3344 935 3408 nie
951 3340 1150 3431 gubnacdis
1167 3364 1261 3413 auno
1278 3338 1408 3413 secirdo
1426 3379 1434 3396 ·

330 3614 465 3687 Attum
484 3614 717 3686 parliamenti
734 3612 861 3685 Jacobi
880 3613 990 3709 Regis
1008 3613 1053 3683 de
1070 3608 1235 3684 secundis
1253 3612 1401 3685 decimis
1418 3614 1464 3684 de
1477 3612 1600 3685 Rath·

213 3896 294 3966 907.
331 3868 479 3963 Auum
496 3891 724 3985 parliamenti
740 3885 946 3961 sereniffimi
970 3886 1140 3983 principis
1166 3889 1302 3959 domini
1322 3887 1450 3959 Jacobi
1472 3888 1530 3958 dei
1550 3889 1667 3982 gratia
1688 3891 1782 3983 regis

332 4029 522 4101 Scotorum
546 4023 693 4097 illustris
717 4029 811 4097 tanti
836 4028 931 4120 apud
956 4025 1167 4121 Edinburgh
1192 4024 1442 4097 tertiodecimo
1468 4024 1527 4095 die
1548 4020 1681 4096 mensis
1702 4027 1788 4097 maii

330 4188 412 4239 cum
440 4166 713 4237 continuatione
743 4162 883 4235 dierum
910 4162 1022 4234 Auno
1052 4160 1187 4233 domini
1215 4154 1405 4231 millefimo
1434 4156 1783 4254 quadringentesimo

331 4300 496 4376 vicefimo
513 4299 615 4373 sexto
631 4300 680 4372 Et
697 4300 816 4396 Regni
835 4296 887 4372 sui
906 4290 1073 4372 viocfim'o
1090 4299 1205 4393 primo
1223 4296 1523 4391 Compareutibus
1540 4318 1659 4368 coram
1676 4300 1785 4370 certis

330 4439 487 4536 personis
504 4462 568 4534 per
590 4462 712 4535 regam
739 4448 777 4509 et
803 4438 1080 4533 parliamentum
1109 4437 1154 4509 ad
1178 4433 1343 4528 querelas
1366 4433 1541 4529 ligeorum
1566 4437 1661 4530 regis
1685 4435 1786 4508 audi·

330 4581 441 4652 endas
471 4587 509 4651 et
536 4576 827 4649 determinandas
854 4573 1054 4671 specialiter
1084 4575 1267 4669 deputatis
1295 4571 1505 4645 Venerabili
1532 4582 1635 4667 patre
1664 4573 1785 4645 Adam

330 4718 462 4789 abbate
479 4711 682 4807 monasterij
709 4715 754 4785 de
780 4712 899 4786 Scona
924 4736 969 4785 ex
988 4736 1059 4784 vna
1075 4722 1113 4783 et
1131 4710 1294 4783 Roberto
1310 4709 1356 4782 de
1372 4710 1449 4781 Ros
1473 4721 1511 4782 et
1535 4710 1662 4781 thoma
1685 4712 1786 4783 chor-

331 4858 395 4927 tris
426 4854 536 4926 libere
563 4853 773 4925 tenentibus
803 4863 979 4925 terrarum
1006 4851 1051 4923 de
1076 4850 1290 4945 kyrrfawnys
1309 4849 1408 4920 infra
1433 4850 1724 4921 vicecomitatum
1741 4850 1787 4921 de

206 5054 209 5061 ,
332 4993 443 5064 Parth
468 4991 629 5087 partibus
658 5012 704 5061 ex
731 4990 845 5061 altera
873 4988 1000 5061 Dictus
1027 4988 1152 5060 Abbas
1178 5010 1243 5081 pro
1265 4984 1301 5059 se
1327 5000 1366 5058 et
1393 4984 1457 5058 suo
1483 4983 1697 5058 monasterio
1724 5010 1788 5081 per

1050 5144 1075 5195 r
