4917 6509
316 883 546 935 anutium
726 862 762 933 S.
789 858 1087 935 TRINITATIS
1113 863 1182 934 DE
1209 863 1355 938 SCON.
1697 879 1766 949 189

314 1062 462 1134 heredes
493 1064 562 1133 mei
585 1063 760 1155 predittas
785 1060 847 1133 sex
874 1060 1009 1133 mercae
1035 1066 1144 1134 annui
1170 1065 1331 1137 redditus
1357 1067 1402 1136 de
1428 1070 1531 1138 terris
1558 1066 1765 1161 supradittis

312 1202 570 1293 prenominatis
604 1202 748 1273 domino
782 1199 920 1272 Abbati
954 1210 992 1271 et
1030 1204 1225 1273 conventui
1265 1204 1350 1275 disci
1385 1202 1588 1299 monasterij
1623 1218 1661 1277 et
1694 1206 1763 1279 suis

310 1336 560 1411 successoribus
586 1348 711 1411 contra
736 1362 860 1411 omnes
886 1339 1054 1411 mortales
1080 1342 1390 1412 warantizabimus
1417 1346 1700 1435 acquietabimus
1725 1357 1763 1417 et

311 1479 576 1571 imperpetuum
594 1478 827 1549 defendemus
844 1500 909 1570 per
925 1500 1049 1549 omnes
1075 1486 1187 1549 terras
1212 1474 1349 1549 nostras
1374 1502 1512 1551 annuos
1536 1483 1698 1553 redditus
1724 1494 1762 1554 et

310 1611 533 1708 possefiiones
554 1614 793 1709 quascumque
820 1613 864 1686 ln
890 1616 991 1707 cujus
1017 1614 1085 1685 Rei
1111 1612 1356 1687 testimonium
1382 1617 1538 1711 presenti
1565 1632 1662 1692 carte
1679 1645 1761 1693 mee

311 1751 477 1848 Sigillum
512 1777 633 1824 meum
661 1752 807 1848 apposui
838 1762 876 1823 et
905 1776 969 1846 pro
996 1753 1120 1846 majori
1146 1750 1352 1825 testimonio
1387 1754 1556 1851 Sigillum
1582 1755 1756 1830 secretum

309 1893 393 1963 disti
411 1893 514 1987 burgi
532 1916 554 1964 a
569 1888 749 1987 preposito
773 1902 811 1963 et
837 1889 1040 1963 consulibua
1066 1888 1223 1984 ejusdem
1250 1915 1432 1964 unacum
1458 1894 1585 1989 Sigillo
1611 1896 1760 1968 Andree

309 2028 469 2102 Chartris
486 2032 591 2101 unius
609 2031 821 2102 ballivorum
840 2030 924 2100 ditti
942 2028 1055 2122 Burgi
1069 2031 1129 2121 qui
1144 2025 1306 2101 saisinam
1321 2030 1570 2104 hereditariam
1586 2034 1759 2106 dietamm

306 2165 368 2237 sex
386 2190 585 2239 marearum
603 2169 712 2239 annui
728 2168 892 2238 redditus
909 2166 954 2237 de
971 2168 1075 2237 terris
1093 2162 1300 2261 supradittie
1314 2167 1526 2242 Venerabili
1540 2182 1577 2242 et
1596 2171 1757 2267 religioso

307 2307 382 2375 viro
408 2307 564 2399 dompno
591 2306 777 2400 Stephano
801 2302 972 2399 hessyhop
997 2307 1106 2397 priori
1133 2306 1216 2377 dicti
1243 2303 1446 2401 monasterij
1474 2312 1620 2381 nomine
1645 2322 1684 2383 et
1710 2337 1756 2383 ex

305 2452 407 2536 parte
447 2445 621 2516 dictorum
661 2445 817 2517 Abbatie
855 2454 893 2515 et
927 2453 1127 2515 conuentus
1161 2467 1225 2537 per
1258 2442 1532 2540 resignationem
1567 2472 1684 2522 meam
1718 2455 1754 2521 in

306 2583 470 2654 manibus
503 2580 574 2654 suis
600 2584 730 2655 fastam
756 2582 904 2653 tradidit
930 2602 968 2653 et
994 2582 1205 2653 deliberavit
1236 2584 1319 2655 huie
1352 2586 1463 2656 etiam
1497 2595 1595 2658 carte
1624 2594 1752 2682 apponi

303 2723 486 2812 procuravi
515 2720 597 2792 Hiis
623 2717 774 2792 testibus
801 2720 987 2793 Baldwino
1014 2718 1119 2791 Setae
1145 2717 1323 2813 preposito
1349 2730 1388 2792 et
1414 2724 1625 2795 vicecomite
1651 2728 1753 2821 burgi

267 2914 271 2921 .
303 2857 452 2931 Andrea
465 2860 510 2929 de
524 2858 779 2954 Inchmertyne
791 2859 816 2929 J
818 2859 958 2930 ohanne
973 2858 1099 2927 downe
1111 2855 1272 2927 Roberto
1284 2858 1329 2929 de
1344 2858 1427 2954 logy
1439 2859 1581 2933 ballivis
1594 2862 1753 2957 ejusdem

303 2997 463 3068 Roberto
492 2998 536 3068 de
567 2996 683 3091 Spens
716 2997 885 3068 Johanne
920 2997 964 3067 de
997 2995 1219 3089 badingtone
1254 2996 1360 3067 david
1394 2997 1552 3094 flemyng
1584 3000 1753 3073 Johanne

301 3135 453 3206 Bunobe
471 3133 622 3206 Moritio
640 3136 720 3229 Roy
738 3134 926 3205 Willelmo
944 3134 1092 3205 chartris
1119 3135 1164 3203 de
1190 3133 1358 3227 Cangnor
1380 3133 1565 3232 Magistrie
1585 3138 1752 3211 Johanne

300 3274 445 3367 dunyne
463 3272 609 3346 Vicario
627 3275 672 3344 de
689 3274 793 3367 perth
818 3273 984 3343 Johanne
1010 3270 1161 3363 Benyne
1187 3271 1318 3341 vicario
1337 3273 1382 3343 de
1400 3273 1619 3346 Strathardil
1645 3280 1751 3349 david

300 3410 460 3483 Chartris
488 3411 656 3483 Johanne
682 3412 727 3483 de
753 3434 894 3483 camera
919 3410 1078 3481 Roberto
1105 3409 1150 3477 de
1176 3406 1327 3480 Camere
1354 3409 1472 3482 Dauid
1501 3383 1657 3486 Broune
1670 3418 1751 3488 ciue

299 3551 455 3621 civitatis
492 3548 747 3622 Sanctiandree
781 3550 926 3621 domino
964 3548 1100 3617 Thomu
1142 3544 1269 3617 Pottar
1307 3548 1493 3640 capellano
1524 3549 1672 3624 Andrea
1705 3556 1750 3625 de

299 3686 457 3758 lundoris
475 3686 664 3759 Wilielmo
681 3710 767 3783 gray
785 3726 792 3743 ·

297 3962 431 4033 Attum
450 3961 687 4035 Dominorum
700 3960 919 4035 Auditorum
939 3965 983 4033 de
1000 3963 1100 4035 Cana
1118 3964 1162 4033 de
1180 3964 1284 4034 terrie
1301 3964 1346 4033 de
1364 3962 1597 4057 Inchmertyn
1616 4006 1624 4020 ·

181 4200 277 4301 99οῨ
300 4215 387 4312 Die
413 4237 563 4333 septima
588 4238 767 4310 ffebruarii
794 4236 903 4309 Anno
930 4240 1064 4309 domini
1091 4242 1137 4311 m⁰
1159 4246 1255 4310 coco⁰
1272 4238 1335 4308 lvi⁰
1361 4237 1406 4308 In
1431 4233 1578 4309 sessione
1602 4239 1747 4333 publica

296 4388 398 4449 tenta
423 4378 517 4471 apud
544 4377 697 4471 burgum
725 4378 770 4448 de
798 4376 910 4448 Perth
937 4379 973 4445 in
999 4378 1157 4469 pretorio
1187 4374 1344 4469 ejusdem
1376 4375 1504 4447 Coram
1532 4376 1745 4449 Reverendo

295 4513 642 4607 Venerabilibusque
660 4516 820 4608 patribus
838 4516 874 4585 in
893 4510 1033 4584 Christo
1058 4538 1100 4585 ac
1126 4515 1280 4584 dominis
1296 4512 1434 4584 Thomu
1451 4512 1625 4609 Episcopo
1643 4514 1745 4585 Dun-

294 4650 454 4724 keldenfi
469 4650 666 4724 Malcolmo
684 4662 722 4743 et
739 4652 907 4723 Johanne
925 4652 969 4722 de
988 4651 1231 4723 Abirbrotboc
1258 4661 1296 4722 et
1320 4651 1498 4722 hundoris
1515 4648 1744 4723 monasterio-

293 4816 372 4862 rum
403 4790 608 4863 Abbatibus
637 4790 804 4862 Johanne
834 4790 1071 4885 Sorymgeour
1098 4786 1357 4861 constabulario
1387 4789 1432 4859 de
1463 4787 1596 4859 Dunde
1626 4790 1741 4862 milite

294 4928 492 5002 Malcolmo
510 4927 713 5000 Moncreife
732 4930 776 4999 de
794 4928 920 4999 eodem
939 4926 1129 4999 Willelmo
1148 4923 1348 4998 Cranstoun
1367 4926 1411 4995 de
1428 4922 1586 5019 swinhop
1604 4935 1641 4996 et
1660 4927 1741 4999 Ma

291 5062 399 5162 gistro
434 5065 612 5139 Nicholao
647 5067 830 5138 otirbume
864 5066 993 5138 clerico
1028 5064 1245 5136 Rotulorum
1280 5071 1317 5135 et
1348 5059 1483 5158 registri
1518 5065 1741 5137 auditoribus
