4917 6509
348 723 434 797 a'ne.
452 745 565 796 anax.
583 746 607 794 1.
764 724 802 798 S.
827 721 1126 797 TRINITATIS
1153 723 1222 795 DE
1249 723 1396 797 SCON.
1619 833 1620 838 Ἰ
1782 735 1803 799 3

348 921 511 996 similiter
536 947 603 1019 ego
630 922 875 1019 Gospatrioius
900 923 1036 994 Dolfini
1067 920 1239 996 assensum
1269 925 1402 1018 probeo
1427 947 1493 1019 ego
1523 922 1660 995 Mallus
1683 947 1803 997 comes

348 1057 522 1134 assensum
538 1061 671 1155 probeo
688 1086 755 1157 ego
771 1063 929 1144 biadach
947 1085 1068 1134 cernes
1085 1056 1257 1132 assensum
1275 1061 1408 1155 probeo
1432 1085 1500 1157 ego
1526 1061 1657 1133 Rothri
1682 1086 1802 1134 comes

348 1194 518 1271 assensum
548 1199 681 1293 probeo
710 1223 777 1296 ego
805 1199 991 1272 Gartnach
1022 1222 1142 1272 eomes
1171 1195 1346 1271 assensum
1376 1201 1508 1294 probeo
1535 1223 1602 1295 ego
1633 1199 1801 1296 Dusagan

348 1360 469 1410 comes
494 1333 667 1410 assensum
692 1338 824 1432 probeo
849 1336 956 1409 huius
982 1338 1092 1410 etiam
1115 1340 1168 1409 rei
1193 1335 1283 1430 sunt
1297 1333 1353 1409 isti
1379 1337 1439 1432 alij
1463 1334 1572 1410 testes
1595 1337 1801 1410 Willelmus

349 1476 459 1547 frater
472 1477 595 1571 regine
609 1474 807 1547 Edwardus
824 1471 1106 1546 constabularius
1120 1472 1363 1568 Gospatrioius
1377 1475 1472 1546 lilius
1487 1444 1658 1547 Walthes
1672 1471 1800 1547 Vsreth

350 1611 510 1685 Alfricus
526 1615 699 1707 pincerna
715 1636 783 1707 ego
807 1611 903 1684 Forn
919 1609 1093 1684 assensum
1110 1615 1254 1708 probeo.

331 1887 442 1959 Carta
457 1885 659 1959 Alexandri
677 1889 770 1981 regis
787 1888 833 1958 de
850 1884 966 1959 insula
983 1889 1028 1959 de
1047 1887 1209 1962 Loohtei

301 2177 323 2240 2
348 2139 571 2236 Alexander
600 2160 670 2234 Dei
699 2163 816 2258 gratia
841 2162 922 2234 Rex
949 2161 1142 2235 Scotorum
1171 2160 1343 2257 episeopis
1369 2170 1408 2234 et
1437 2163 1629 2234 comitibus
1659 2187 1798 2236 neonon

347 2302 513 2372 omnibus
528 2299 695 2372 fidelibus
719 2297 789 2371 suis
806 2301 923 2371 tocius
940 2298 1068 2372 Soooie
1085 2299 1237 2372 salutem
1290 2299 1432 2371 Notum
1446 2300 1546 2371 vobis
1564 2301 1656 2371 facio
1672 2322 1732 2371 me
1754 2302 1798 2372 ad

345 2441 518 2510 honorem
545 2436 615 2508 Dei
633 2446 672 2509 et
688 2436 808 2509 santte
835 2436 954 2510 Mario
982 2436 1059 2532 [et]
1082 2440 1249 2532 omniurn¹
1270 2436 1483 2510 Santtorum
1506 2461 1570 2532 pro
1594 2447 1709 2510 meet
1735 2463 1799 2533 pro

345 2579 465 2647 anima
490 2577 613 2670 regine
651 2573 781 2646 Sibille
811 2571 962 2646 insulam
988 2575 1034 2646 de
1060 2575 1214 2648 Loohtei
1241 2584 1416 2669 perpetuo
1447 2577 1524 2646 iure
1556 2570 1799 2669 poffidendam

346 2736 429 2785 cum
455 2713 554 2783 omni
577 2712 806 2784 dominio-ad
830 2713 981 2784 eandem
1003 2710 1153 2784 insulam
1176 2715 1375 2806 pertinenti
1402 2713 1533 2786 sanae
1557 2712 1726 2786 Trinitati
1753 2716 1798 2785 de

346 2851 442 2924 Soon
460 2850 631 2922 canonice
657 2847 737 2920 Deo
754 2850 804 2921 ibi
820 2850 991 2921 fratribus
1008 2849 1266 2922 famulantibus
1280 2845 1410 2921 dedisse
1436 2860 1478 2920 ut
1491 2849 1640 2922 eoelesra
1657 2851 1728 2922 Dei
1745 2851 1794 2922 ibi

344 3017 409 3087 pro
435 3014 495 3063 me
513 3000 550 3062 et
574 3013 638 3084 pro
658 2992 779 3062 anima
802 2993 927 3087 regine
952 2991 1002 3061 ibi
1029 2991 1196 3060 defunfoe
1223 2990 1417 3061 fabricetur
1442 3000 1479 3060 et
1502 2992 1541 3060 in
1565 2990 1691 3062 habitu
1715 2990 1797 3062 reli-

344 3132 461 3225 gionis
478 3130 546 3200 deo
563 3129 614 3200 ibi
629 3123 786 3198 serviant
811 3136 850 3198 et
866 3126 935 3198 hoc
958 3127 1004 3196 do
1030 3128 1095 3197 eiis
1111 3127 1257 3198 interim
1275 3123 1458 3218 quousque
1476 3127 1608 3199 dedero
1626 3129 1677 3198 eis
1699 3127 1798 3198 aliud

344 3274 581 3363 augmentum
607 3251 703 3335 vnde
731 3262 830 3336 locus
856 3263 918 3335 ille
944 3266 980 3335 in
1007 3262 1078 3336 Dei
1104 3260 1314 3355 obsequium
1338 3263 1521 3336 exaltetur
1570 3260 1676 3336 Teste
1703 3263 1797 3336 Her·

345 3407 449 3477 berto
467 3401 679 3476 cancellario
730 3400 842 3496 Apud
859 3399 1046 3473 Striuelin.

343 3704 452 3776 Carta
468 3704 670 3778 Alexandri
687 3705 782 3799 regis
797 3704 844 3775 de
861 3726 951 3775 cana
968 3711 1007 3775 et
1023 3700 1284 3774 consuetudine
1301 3704 1408 3774 unius
1427 3705 1538 3774 navis.

297 3998 319 4062 3
345 3957 568 4054 Alexander
580 3978 650 4050 Dei
666 3981 783 4074 gratia
795 3975 878 4048 Rex
893 3975 1086 4049 Scotorum
1099 3978 1267 4049 omnibus
1280 3977 1540 4050 mercatoribus
1552 3976 1688 4073 Anglie
1704 3977 1795 4052 salu-

343 4131 419 4191 tem
455 4117 587 4190 Sciatis
603 4139 663 4188 me
681 4111 813 4188 dedisse
830 4123 869 4186 et
885 4108 1085 4186 concessisse
1102 4115 1140 4185 in
1157 4108 1342 4188 elimosina
1358 4110 1507 4187 ecclesio
1530 4113 1662 4187 sanae
1678 4116 1795 4190 'l'rini-
1938 4209 1943 4218 Ι

343 4257 431 4329 tatis
448 4255 493 4326 de
511 4253 607 4327 Scon
624 4262 663 4326 et
680 4253 788 4347 priori
801 4249 1040 4344 fratribusque
1057 4252 1108 4323 ibi
1120 4249 1360 4327 seruientibus
1378 4275 1445 4324 can
1462 4263 1500 4324 et
1517 4251 1794 4328 consuetudines

343 4396 448 4466 unius
464 4395 567 4465 nauis
593 4402 632 4465 et
648 4393 730 4465 ideo
747 4390 831 4462 uolo
848 4397 887 4462 et
902 4389 1055 4463 firmiter
1071 4391 1229 4485 precipio
1248 4399 1288 4462 ut
1305 4413 1431 4464 omnes
1447 4402 1665 4466 mercatores
1691 4404 1794 4466 extra

341 4533 526 4628 regionem
552 4530 676 4601 Scotie
698 4536 888 4600 manantes
913 4528 974 4619 qui
992 4550 1124 4600 nauem
1141 4527 1243 4602 illam
1266 4551 1349 4600 oum
1374 4530 1553 4602 mercibus
1578 4527 1648 4603 suis
1674 4529 1793 4603 ascen-

342 4670 428 4743 dere
452 4677 563 4762 atque
579 4668 618 4738 in
639 4665 797 4738 Soonam
814 4666 938 4736 venire
953 4663 1135 4737 noluerint
1161 4688 1286 4759 paoem
1304 4688 1423 4739 meam
1448 4675 1487 4739 et
1512 4665 1584 4738 Dei
1610 4669 1728 4739 eundo
1754 4679 1792 4741 et

277 4891 283 4902 ο
342 4807 526 4880 redeundo
539 4826 736 4900 pacemque
749 4801 908 4874 tenendo
921 4802 1089 4887 habeant,
1108 4812 1146 4874 et
1160 4803 1251 4874 nulli
1265 4801 1331 4876 nili
1344 4807 1451 4899 priori
1465 4816 1503 4876 et
1516 4805 1685 4879 fratribus
1698 4807 1792 4878 diae
