4917 6509
331 878 417 931 ano.
437 880 557 930 namn
575 880 617 930 11.
741 858 778 931 S.
805 857 1102 932 TRINITATIS
1130 858 1198 931 DE
1226 858 1373 934 SCON.
1715 870 1784 937 133

331 1054 410 1127 Nos
434 1058 545 1152 igitur
566 1056 799 1128 attendentes
817 1080 863 1128 ex
890 1058 1156 1152 permutatione
1180 1057 1346 1153 premissa
1369 1059 1511 1131 nullum
1535 1064 1693 1133 eminere
1715 1061 1783 1133 dis-

329 1195 528 1286 pendium!
545 1215 668 1264 eorum
692 1192 914 1285 petitionbus
940 1204 1142 1267 annuentes
1165 1196 1211 1266 de
1237 1193 1409 1268 consensu
1425 1206 1465 1269 et
1482 1194 1617 1269 assensu
1635 1199 1783 1292 capituli

276 1332 282 1345 '
330 1327 439 1401 nostri
456 1330 581 1402 habito
598 1296 702 1422 super
723 1329 791 1401 hoc
811 1330 991 1422 frequenti
1017 1343 1056 1401 et
1078 1331 1244 1427 diligenti
1268 1336 1424 1424 trattatu
1449 1338 1785 1429 communicatoque

329 1469 527 1559 peritorum
552 1461 698 1539 oonsilio
721 1490 785 1559 per
807 1468 955 1538 modum
979 1470 1041 1559 qui
1061 1465 1221 1561 sequitur
1237 1508 1245 1525 ·
1264 1471 1434 1542 duximus
1457 1474 1694 1544 ordinandum
1717 1496 1784 1565 v3·

330 1606 425 1696 quod
456 1606 539 1676 diiii
565 1601 692 1676 Abbas
720 1613 759 1676 et
784 1614 984 1677 conventus
1013 1606 1235 1679 habeantet
1265 1604 1465 1701 poffideant
1494 1606 1681 1681 ecclesiam
1712 1610 1785 1680 dic-

331 1751 405 1812 tam
431 1743 477 1813 de
502 1740 601 1813 blare
626 1764 734 1834 quam
761 1737 843 1835 ipsrs
868 1764 915 1813 ex
941 1766 1038 1815 nuno
1068 1743 1180 1814 libere
1206 1767 1295 1837 pure
1321 1754 1359 1816 et
1386 1741 1594 1838 simpliciter
1621 1746 1786 1817 concedi-

330 1900 410 1949 mus
444 1879 667 1950 anuescimus
703 1888 742 1951 et
775 1879 920 1950 unimus
947 1878 1057 1950 titulo
1090 1882 1367 1973 permutationis
1397 1905 1480 1953 cum
1516 1883 1684 1953 omnibus
1716 1880 1785 1954 suis

331 2014 502 2086 fruitibus
519 2015 796 2087 obventionibus
820 2017 968 2088 decimis
991 2017 1185 2110 majoribus
1207 2029 1245 2089 et
1268 2018 1466 2088 minoribus
1491 2042 1534 2089 ac
1556 2020 1785 2111 pertinentiis

331 2150 503 2224 universis
532 2153 570 2223 in
597 2154 756 2246 proprios
789 2151 873 2224 usus
906 2155 945 2223 in
978 2154 1107 2247 prefati
1141 2152 1360 2248 monasterij‘
1381 2164 1419 2226 et
1453 2154 1553 2228 suam
1586 2155 1787 2229 utilitatem

233 2330 238 2333 -
331 2290 489 2382 plenarie
505 2298 681 2384 perpetuo
698 2290 1007 2361 convertendum
1024 2289 1155 2383 Itaque
1172 2293 1325 2363 cedente
1342 2292 1400 2363 vel
1424 2292 1625 2365 decedente
1642 2294 1787 2364 domino

326 2425 497 2499 dohanne
517 2426 621 2520 Lyell
639 2450 735 2499 nunc
753 2428 906 2500 Resore
923 2424 1082 2521 ejusdem
1108 2429 1239 2519 prefati
1257 2424 1428 2523 Religiosr
1446 2429 1577 2501 dittam
1601 2399 1786 2501 ecclesiam

331 2588 373 2635 ac
389 2562 523 2635 statum
540 2574 579 2637 et
595 2564 815 2657 corporalem
838 2559 1081 2657 possessionem
1099 2560 1258 2657 ejusdem
1283 2587 1348 2657 per
1365 2563 1402 2636 se
1419 2575 1457 2635 et
1478 2566 1690 2638 austoritate
1707 2590 1787 2659 pro·

331 2702 408 2794 pria
440 2700 572 2795 absque
605 2699 861 2795 cujuscumque
891 2702 1039 2773 alterius
1072 2696 1308 2795 assignatione
1336 2702 1394 2772 vel
1423 2704 1618 2774 traditione
1638 2721 1650 2773 t
1673 2702 1787 2774 libere

332 2841 468 2911 intrent
486 2850 524 2909 et
541 2837 791 2912 nanciscantur
801 2859 812 2909 t
824 2861 933 2931 quam
949 2839 1039 2910 adeo
1053 2839 1165 2910 libere
1179 2849 1217 2909 et
1236 2841 1358 2932 quiete
1372 2850 1524 2911 teneant
1537 2849 1575 2912 et
1587 2835 1787 2933 possideant
1807 2932 1814 2944 „

330 2972 421 3047 srcut
449 2975 606 3068 aliquam
640 2971 826 3048 ecclesiam
852 2976 946 3047 infra
973 2974 1229 3070 Episcopatum
1260 2973 1421 3048 nostrum
1447 2980 1609 3071 quietius
1639 2977 1787 3049 liberius

329 3109 507 3207 poilident
539 3112 600 3185 seu
633 3108 807 3206 poffidere
832 3110 1090 3185 consueverant
1114 3153 1123 3171 ·
1145 3111 1263 3185 Salvis
1290 3124 1414 3185 tamen
1440 3110 1610 3207 pensione
1638 3123 1787 3186 centum

330 3248 522 3321 solidorum
540 3248 755 3323 monasterio
772 3251 818 3321 de
831 3248 1096 3344 Cambulkyuel
1115 3251 1161 3321 de
1175 3250 1270 3321 dieta
1282 3246 1431 3322 ecclesia
1446 3251 1492 3322 ab
1506 3252 1592 3322 olim
1609 3251 1733 3323 debita
1749 3262 1788 3322 et

330 3388 496 3460 oneribus
513 3388 700 3459 ordinariis
717 3385 896 3459 consuetis
912 3396 988 3458 tam
1007 3384 1277 3481 Episcopalibus
1295 3410 1403 3479 quam
1428 3386 1787 3460 Archidiaconalibus

329 3524 401 3599 suis
424 3528 587 3598 taminia
614 3523 705 3598 sicut
727 3523 806 3597 fieri
833 3520 1018 3596 consuevit
1039 3524 1198 3618 plenarie
1221 3523 1464 3618 persolvendis
1484 3531 1522 3595 et
1548 3525 1644 3617 quod
1670 3524 1787 3595 eidem

331 3661 478 3737 ecclesie
505 3685 710 3758 perunum
738 3660 965 3756 capellanum
994 3663 1174 3755 ydoneum
1202 3660 1264 3733 seu
1295 3663 1467 3733 vicarium
1497 3670 1712 3756 perpetuum
1742 3663 1787 3733 ad

330 3796 538 3893 pensionem
554 3802 681 3874 decem
697 3800 898 3871 mercatum
912 3800 950 3868 in
963 3798 1093 3869 divinis
1107 3799 1231 3871 debite
1243 3799 1379 3872 saciant
1391 3795 1561 3870 deserviri
1578 3849 1587 3867 .
1606 3796 1788 3870 Volumus

330 3950 367 4011 et
389 3941 598 4011 ordinamus
618 3938 715 4031 quod
736 3931 885 4008 ecclesia
907 3935 952 4006 de
979 3933 1150 4011 kerintod
1174 3936 1334 4028 preditta
1359 3930 1547 4027 postquam
1579 3935 1709 4027 prefati
1733 3957 1787 4005 re-

329 4071 442 4170 ligiosi
467 4072 602 4147 statum
626 4071 845 4167 corporalem
872 4080 911 4143 et
940 4071 1124 4165 pacificam
1150 4064 1395 4163 possessionem
1421 4069 1561 4162 prefate
1577 4064 1726 4141 ecclesie
1744 4070 1788 4141 de

329 4211 408 4282 blai
426 4213 675 4291 obtinuerint!
692 4230 800 4302 quam
818 4219 955 4280 extunc
979 4209 1164 4279 dimittere
1189 4206 1409 4278 tenebantur
1422 4225 1435 4276 s
1450 4208 1590 4276 ratione
1606 4217 1788 4298 pennata·

332 4350 441 4419 tionis
459 4348 617 4440 predica
636 4341 854 4439 dispositioni
872 4341 1063 4438 provisioni
1090 4354 1129 4415 et
1147 4343 1333 4439 collationi
1356 4339 1476 4413 nostre
1501 4350 1539 4413 et
1556 4336 1787 4413 successorum

328 4483 529 4559 nostrorum
554 4485 667 4557 libere
692 4493 877 4556 remaneat
902 4493 941 4554 et
965 4482 1073 4578 pleno
1090 4482 1173 4574 jure
1199 4477 1340 4571 semper
1364 4479 1546 4571 pertineat
1562 4479 1601 4548 in
1624 4478 1788 4549 futurum

330 4624 559 4696 Renunciato
577 4622 723 4715 penitus
747 4642 812 4713 per
836 4620 993 4714 prefatos
1019 4614 1217 4713 Religiosos
1243 4617 1341 4685 omni
1361 4615 1436 4707 juri
1461 4614 1557 4707 quod
1582 4608 1667 4707 ipsis
1692 4637 1790 4685 com-

330 4760 478 4855 petebat
514 4757 571 4831 vel
595 4765 801 4850 competere
826 4756 946 4849 potuit
975 4756 1014 4825 in
1047 4754 1173 4826 eadem
1199 4792 1207 4809 ·
1237 4750 1288 4823 Et
1313 4760 1355 4822 ut
1390 4750 1457 4823 heo
1489 4747 1611 4822 nostra
1643 4747 1787 4844 presens

327 4898 521 4970 annexatio
538 4888 714 4967 concelllo
732 4901 770 4965 et
787 4892 963 4963 ordinatio
980 4890 1128 4985 prefatis
1141 4882 1332 4982 Religiofis
1342 4888 1435 4960 satta
1458 4887 1590 4958 suturis
1604 4890 1788 4982 perpetuis

327 5034 548 5126 temporibus
578 5030 681 5103 firma
709 5038 748 5101 et
778 5024 989 5101 Inconculla
1022 5034 1232 5122 permaneat
1260 5020 1417 5120 figillum
1448 5018 1615 5096 nostrum
1645 5026 1789 5098 autten-
