4917 6509
309 862 586 915 aao.snux.11.
721 836 759 913 S.
786 838 1084 915 TRINITATIS
1111 838 1180 913 DE
1207 836 1354 914 SCON.
1721 845 1767 915 63

306 1042 467 1137 prefatus
484 1036 678 1137 Dyonisua
695 1038 852 1113 decanus
868 1050 908 1115 et
922 1036 1092 1136 magister
1102 1036 1132 1139 ‚J
1133 1040 1293 1112 ohannes
1310 1034 1426 1134 sigilla
1440 1036 1503 1111 sua
1553 1038 1603 1111 Et
1627 1041 1766 1132 predio·

307 1190 367 1253 tus
384 1179 566 1253 Haurious
582 1178 678 1251 filius
695 1176 850 1251 Galfridi
868 1176 1122 1251 aldermannus
1138 1177 1184 1248 de
1212 1176 1325 1249 Perth
1351 1199 1417 1270 per
1441 1174 1650 1249 eonsensum
1679 1177 1766 1250 alio·

307 1342 386 1391 rum
400 1313 630 1415 turgentum
643 1316 921 1411 adpetitionem
938 1314 1178 1409 prenominati
1197 1311 1377 1386 Willelmi
1390 1312 1455 1385 filii
1472 1311 1591 1393 Ketill
1608 1310 1764 1410 sigillum

308 1474 462 1527 comune
479 1454 524 1526 de
542 1452 655 1526 Perth
673 1450 846 1548 apposuit.

309 1725 420 1800 Carta
437 1726 595 1801 Walteri
613 1726 756 1822 Cumyn
772 1724 879 1821 super
895 1749 968 1799 uua
983 1732 1087 1819 petra
1103 1748 1195 1797 cere.

237 2006 283 2075 98
311 1979 511 2077 Univeriis
538 2001 657 2077 sande
683 2004 808 2075 matris
835 1996 984 2075 eoolesie
1003 1998 1086 2071 filiis
1111 2000 1176 2073 bas
1201 1999 1341 2076 litteras
1358 1996 1483 2075 visanis
1506 2002 1564 2075 vel
1589 2004 1765 2076 audituris

308 2140 497 2215 Walterus
514 2140 657 2235 Oumyn
677 2140 773 2213 filius
790 2138 972 2211 Willelmi
996 2136 1139 2233 Cumyu
1161 2135 1315 2211 salutem
1341 2140 1381 2210 in
1406 2140 1551 2214 domino
1609 2141 1765 2215 Noverit

306 2277 518 2352 universitas
539 2276 656 2352 vestra
681 2298 741 2351 me
767 2274 900 2350 dedisse
927 2286 966 2349 et
988 2270 1188 2378 oonoellill'e
1215 2284 1254 2347 et
1278 2276 1346 2348 hae
1372 2276 1529 2371 presenti
1554 2256 1656 2353 oarts
1683 2304 1765 2353 mea

308 2411 526 2489 confirmasse
539 2414 620 2487 Deo
637 2424 677 2487 et
693 2408 841 2487 eoolesle
857 2412 989 2487 Sandis
1000 2412 1188 2485 Trinitatis
1205 2412 1251 2484 de
1268 2412 1388 2485 Soona
1403 2437 1468 2508 pro
1485 2416 1606 2488 anima
1625 2440 1709 2489 mea
1725 2428 1764 2489 et

307 2554 494 2627 animabus
523 2549 781 2627 antecessorum
810 2574 974 2624 meorum
1003 2552 1042 2623 in
1069 2572 1197 2645 puram
1224 2560 1264 2623 et
1293 2562 1505 2646 perpetuam
1531 2551 1763 2627 elemosinam

308 2714 417 2763 unam
444 2700 585 2784 petram
612 2712 694 2763 oere
719 2688 778 2761 vel
808 2698 963 2783 quatuor
986 2686 1116 2761 solidos
1146 2688 1192 2759 de
1217 2708 1279 2759 me
1307 2698 1347 2760 et
1376 2688 1567 2795 heredibus
1598 2692 1689 2763 meis
1719 2692 1765 2763 ad
1907 2758 1919 2787 ‚

308 2826 439 2903 festum
452 2828 576 2903 Saudai
588 2826 781 2911 michaelis
797 2828 984 2900 annuatim
1002 2826 1220 2921 percipiend.
1238 2826 1284 2898 de
1297 2824 1451 2899 (lamera
1467 2850 1549 2900 mea
1561 2826 1646 2900 Hiis
1665 2826 1766 2900 testi-

308 2968 376 3039 bus
394 2965 555 3039 Roberto
572 2964 759 3059 capellano
776 2964 913 3036 domini
932 2963 1044 3059 Regis
1062 2962 1223 3039 Hearioo
1241 2967 1287 3039 de
1300 2967 1446 3062 Kynros
1464 2971 1614 3063 patrioio
1631 2971 1731 3042 baru.

310 3242 420 3314 Carta
436 3239 594 3315 Gilberti
611 3238 766 3334 episcopi
783 3234 1052 3313 Dunkeldensrs
1069 3240 1114 3311 de
1132 3237 1282 3313 eeclesia
1298 3241 1343 3312 de
1361 3240 1464 3337 Logy
1481 3231 1630 3315 Mabed.

239 3528 285 3601 99
310 3492 514 3591 Gilbertus
544 3514 615 3587 Dei
641 3515 758 3609 gratia
784 3510 970 3607 episeopus
999 3511 1268 3588 Dunkeldenfis
1295 3512 1463 3590 omuibus
1489 3514 1610 3588 sanite
1641 3519 1767 3589 matris

308 3650 456 3729 ecelesia
472 3652 555 3726 filiis
572 3661 612 3725 et
627 3650 794 3723 fidelibus
818 3649 959 3724 litteras
984 3646 1069 3725 istas
1094 3648 1219 3725 visuris
1245 3651 1304 3726 vel
1329 3654 1506 3726 audituris
1534 3664 1698 3727 eternam
1729 3658 1768 3727 in

309 3795 455 3866 domino
480 3790 631 3865 sulutem
682 3786 839 3861 Noverit
863 3784 1075 3862 universitas
1092 3786 1208 3863 vestra
1225 3814 1291 3863 uos
1308 3792 1430 3863 divine
1446 3793 1607 3863 caritatis
1627 3794 1767 3863 intuitu

309 3943 349 4007 et
375 3935 421 4005 de
447 3918 631 4004 eommuni
661 3923 796 4001 assensu
824 3936 863 4000 et
890 3925 1061 4000 eonsensu
1089 3928 1238 4022 oapituli
1264 3925 1375 4002 nostri
1402 3925 1604 4001 oonoeffiise
1630 3942 1669 4002 et
1700 3932 1768 4002 hao

310 4080 409 4144 ourta
425 4064 544 4141 nostra
558 4062 779 4141 confirmasse
796 4062 944 4139 eoeleste
961 4063 1080 4138 santte
1105 4065 1280 4139 trinitatis
1306 4068 1352 4139 de
1377 4066 1497 4140 Souna
1523 4076 1562 4138 et
1587 4067 1711 4140 abbati
1728 4078 1768 4139 et

309 4208 489 4281 canonicis
501 4206 636 4279 ibidem
649 4201 979 4276 Deoservientibus
991 4212 1030 4274 et
1042 4197 1225 4274 servituris
1237 4206 1276 4275 in
1289 4200 1710 4299 perpetuum'eeolefiam
1723 4207 1769 4277 de

311 4346 412 4442 Logy
431 4342 568 4419 Muhed
585 4344 623 4415 in
640 4340 807 4415 Athollia
831 4341 869 4411 in
895 4341 1055 4435 proprios
1079 4338 1162 4413 usus
1190 4339 1272 4413 suos
1296 4340 1460 4449 totaliter
1484 4346 1766 4416 convertendam

310 4506 394 4557 oum
411 4481 576 4555 omnibus
593 4478 739 4574 capellis
755 4475 827 4550 suis
844 4488 882 4550 et
899 4498 982 4549 oum
998 4477 1166 4571 plenariis
1183 4478 1332 4587 deoimia
1348 4478 1531 4551 benefieiis
1556 4488 1595 4551 ot
1622 4482 1770 4553 reditu·

311 4621 456 4693 dinibus
475 4615 751 4691 obventionibus
776 4614 1018 4688 oblationibus
1040 4625 1079 4688 et
1103 4617 1270 4689 omnibus
1295 4616 1375 4689 aliis
1398 4617 1443 4689 ad
1470 4619 1623 4690 eandem
1653 4619 1769 4690 eools·
1826 4584 1831 4591 ¹

312 4755 396 4831 svam
408 4752 505 4853 juste
522 4754 787 4850 pertinentibus
812 4762 850 4825 ot
878 4772 991 4824 unum
1016 4754 1152 4826 toftum
1177 4756 1215 4826 in
1240 4749 1381 4849 prefato
1407 4752 1533 4849 Logyn
1560 4777 1642 4826 oum
1673 4776 1770 4825 eom-

313 4896 413 4967 muni
443 4890 587 4987 pastura
608 4888 700 4964 siout
725 4890 766 4962 in
793 4900 893 4965 carta
917 4891 1059 4964 eomitis
1086 4890 1237 4965 Henrioi
1272 4893 1402 4967 deinde
1432 4893 1525 4964 sada
1559 4892 1767 4963 continetur

310 5031 518 5105 Tenendum
544 5024 608 5102 fibi
633 5030 913 5123 inperpetuum
938 5030 991 5101 ita
1015 5027 1129 5103 libere
1155 5041 1193 5103 et
1219 5031 1343 5123 quiete
1367 5029 1529 5123 plenarie
1553 5040 1592 5102 et
1625 5029 1769 5103 honori-
1912 5014 1924 5037 ⁶
