4917 6509
693 855 740 921 34
1197 842 1356 917 LIBER
1381 842 1631 917 occussis
1982 860 2059 912 sac.
2077 856 2149 912 xii.

693 1049 817 1119 domos
842 1044 907 1118 fibi
933 1041 1140 1118 necessarias
1169 1044 1375 1118 construere
1399 1054 1439 1117 et
1467 1044 1603 1117 ibidem
1632 1063 1860 1138 quecumque
1889 1062 1954 1135 pro
1983 1048 2148 1134 tempore

694 1185 876 1257 voluerint
901 1179 1119 1257 constituere
1137 1194 1175 1257 et
1192 1207 1360 1256 amovere
1408 1182 1622 1255 Tenendum
1647 1189 1686 1253 et
1710 1179 1918 1252 babendum
1943 1172 2078 1250 eisdem
2103 1179 2150 1251 de

692 1325 796 1396 uobis
813 1332 851 1395 et
863 1319 1116 1395 successoribus
1133 1319 1262 1394 nostris
1278 1324 1317 1393 in
1329 1321 1480 1393 liberam
1492 1342 1620 1414 puram
1634 1328 1674 1391 et
1689 1331 1904 1413 perpetuam
1917 1312 2149 1388 elemosinam

692 1460 737 1531 In
772 1462 873 1533 cuius
902 1460 971 1531 Rei
1002 1456 1250 1532 testimonium
1282 1457 1428 1553 presens
1460 1456 1633 1551 scriptum
1665 1453 1772 1552 sigilli
1805 1450 1916 1527 nostri
1950 1454 2151 1525 munimine

692 1600 947 1673 roborauimus.

694 1876 928 1947 Confirmatio
947 1872 1126 1945 Willelmi
1145 1870 1300 1967 episcopi
1318 1871 1441 1945 sanai
1459 1869 1608 1943 Andree
1626 1871 1672 1943 de
1689 1868 1859 1943 ecclesiis.

622 2148 666 2211 53
695 2126 920 2223 Willelmus
949 2142 1175 2243 permissione
1205 2148 1328 2219 divina
1356 2143 1505 2220 ecclesie
1535 2144 1792 2219 Sandiandree
1820 2141 1983 2218 minister
2007 2144 2152 2216 humilis

693 2287 872 2361 Omnibus
897 2287 962 2357 hae
988 2285 1128 2357 litteras
1146 2282 1271 2356 visuris
1289 2284 1347 2357 vel
1373 2286 1548 2357 audituris
1574 2294 1738 2358 eternam
1763 2287 1802 2356 in
1826 2285 1972 2355 domino
1998 2280 2153 2355 salutem

678 2424 879 2497 Noveritis
895 2446 961 2495 nos
975 2418 1175 2495 concessisse
1188 2432 1226 2494 et
1239 2420 1415 2516 presentis
1428 2420 1548 2517 scripti
1565 2424 1764 2518 patrocinio
1778 2418 1998 2495 confirmasse
2013 2423 2052 2491 in
2068 2420 2153 2493 usus

693 2564 853 2657 proprios
875 2561 1014 2634 Abbati
1041 2569 1080 2632 et
1106 2558 1287 2633 canonicis
1314 2562 1360 2632 de
1385 2560 1483 2633 Scon
1508 2557 1674 2634 ecclesias
1699 2582 1788 2654 quas
1813 2560 1949 2633 habent
1966 2559 2005 2630 in
2023 2556 2153 2630 diocefi

694 2697 813 2772 nostra
828 2701 867 2771 in
884 2700 1034 2771 liberam
1060 2720 1188 2792 puram
1205 2708 1244 2769 et
1260 2706 1473 2793 perpetuam
1499 2696 1731 2771 elemosinam
1747 2700 1814 2769 viz.
1841 2695 2028 2771 ecclesiam
2053 2695 2154 2769 suam

693 2840 740 2910 de
758 2837 854 2910 Scon
880 2860 951 2929 que
968 2831 1151 2928 hueusque
1167 2858 1190 2908 a
1206 2832 1426 2928 prestatione
1451 2832 1664 2908 sinodalium
1682 2845 1722 2907 et
1744 2833 1961 2909 auxiliorum
1983 2835 2155 2905 immunis

693 2972 764 3046 suit
781 2996 890 3066 quam
907 2974 954 3044 de
971 2982 1093 3045 cetero
1119 2995 1203 3044 cum
1228 2972 1377 3066 capellis
1393 2970 1465 3045 suis
1481 2982 1520 3045 et
1537 2996 1620 3046 cum
1646 2971 1814 3051 omnibus
1838 2974 2068 3067 pertinentiis
2082 2968 2155 3041 suis

695 3113 741 3184 ab
759 3113 926 3190 omnibus
953 3108 1211 3205 episcopalibus
1238 3112 1508 3205 imperpetuum
1533 3110 1683 3184 liberam
1701 3111 1867 3183 volumus
1884 3107 1955 3183 esse
1970 3118 2010 3180 et
2025 3112 2156 3181 immn-

695 3270 781 3323 nem
832 3246 883 3319 Et
909 3244 1096 3321 ecclefiam
1121 3248 1168 3319 de
1193 3245 1484 3321 Cambusmichel
1510 3250 1556 3321 de
1582 3248 1661 3321 Liff
1679 3250 1725 3323 de
1750 3248 2021 3345 Inuergoueryn
2046 3257 2085 3319 et
2109 3248 2155 3318 de

697 3386 951 3483 Logynduude
994 3384 1113 3457 Salvis
1127 3382 1387 3481 episcopalibus
1399 3388 1503 3459 nobis
1516 3396 1555 3459 et
1570 3385 1823 3461 successoribus
1835 3382 2015 3459 nostriset
2027 3382 2156 3458 nostris

696 3522 907 3595 officialibus
933 3523 979 3593 de
1005 3523 1172 3594 omnibus
1195 3518 1354 3595 ecclesiis
1370 3524 1520 3617 prefatis
1538 3522 1705 3617 Excepta
1729 3526 1902 3598 canonica
1916 3521 1980 3596 sua
1996 3524 2041 3595 de
2059 3521 2156 3595 Scon

697 3684 780 3733 cum
802 3660 950 3754 capellis
968 3660 1012 3733 ad
1037 3659 1188 3733 eandem
1213 3662 1480 3753 pertinentibus
1523 3660 1578 3734 Ut
1600 3671 1724 3733 autem
1746 3662 1815 3735 hec
1838 3658 1959 3733 nostra
1981 3655 2156 3733 conceffio

699 3800 809 3871 robur
820 3807 994 3893 perpetue
1005 3796 1186 3869 firmitatis
1197 3798 1361 3872 obtineat
1374 3824 1453 3871 eam
1465 3795 1570 3895 sigilli
1580 3795 1690 3871 nostri
1700 3801 1900 3873 munimine
1910 3799 2156 3871 roboravimus

699 3934 783 4007 Hiis
800 3933 954 4007 testibus
971 3932 1140 4029 magistro
1158 3935 1320 4008 Roberto
1343 3938 1593 4009 archidiacono
1615 3934 1874 4011 Sandiandrce
1889 3950 1950 4009 tc‘
1967 3936 2156 4009 licenciam

698 4082 841 4169 quoque
859 4075 911 4145 eis
929 4073 1159 4146 concedimus
1177 4074 1382 4168 capellanos
1399 4072 1642 4169 quoscumque
1655 4074 1836 4147 voluerint
1853 4077 2011 4170 ydoneos
2021 4076 2060 4148 in
2072 4068 2155 4168 ipsis

699 4208 858 4284 ecclesiis
876 4214 1034 4284 retinere
1051 4220 1090 4282 et
1107 4233 1302 4283 removere.

701 4485 810 4557 Carta
827 4484 1006 4557 Willelmi
1025 4484 1179 4581 episcopi
1197 4484 1321 4559 Saudci
1338 4485 1487 4560 Andree
1505 4488 1551 4561 de
1568 4484 1736 4561 ecclesiis.

629 4764 676 4830 54
706 4738 927 4836 Willelmus
954 4756 1179 4855 permissione
1210 4762 1332 4835 divina
1360 4757 1509 4835 ecclesie
1537 4763 1794 4837 Smbtiandree
1820 4762 1983 4839 minister
2010 4767 2157 4839 humilis

704 4899 882 4973 Omnibus
908 4900 971 4971 has
994 4898 1116 4971 literas
1142 4897 1267 4971 visuris
1292 4900 1352 4972 uel
1377 4900 1553 4972 audituris
1579 4910 1742 4975 eternam
1763 4904 1803 4975 in
1830 4905 1977 4975 domino
2002 4901 2155 4978 salutem

706 5037 861 5111 Noverit
876 5032 1087 5110 universitas
1105 5033 1222 5109 vestra
1238 5060 1304 5109 nos
1327 5034 1528 5111 concessisse
1550 5048 1588 5111 et
1613 5039 1788 5136 presentie
1813 5039 1932 5135 scripti
1957 5044 2156 5137 patrocinio
