4917 6509
245 928 252 941 .
384 892 469 943 nne.
483 892 566 943 non.
580 893 604 943 1.
793 872 830 945 S.
856 870 1153 945 TRINITATIS
1180 873 1250 945 DE
1277 873 1423 947 SCON.

380 1208 490 1283 Carta
507 1208 657 1282 Roberti
676 1208 786 1305 Regis
803 1210 849 1281 de
865 1218 945 1281 toto
962 1210 1132 1304 thanagio
1150 1210 1195 1281 de
1213 1208 1343 1283 Scona.

293 1488 358 1555 131
380 1462 578 1561 Robertus
595 1485 666 1559 Dei
683 1487 799 1581 gratia
815 1485 896 1557 Rex
922 1460 1132 1559 Scottorum
1151 1483 1331 1557 Omnibus
1352 1487 1473 1580 probis
1495 1488 1702 1559 horninibus
1720 1492 1832 1561 totius

378 1622 554 1697 tenesne
572 1634 646 1696 tam
664 1624 803 1696 clericis
820 1646 927 1717 quam
945 1622 1045 1696 laicis
1063 1620 1215 1695 salutem
1242 1622 1374 1695 Sciatis
1399 1647 1465 1695 nos
1491 1648 1556 1719 pro
1571 1622 1687 1698 salute
1711 1631 1831 1700 anime

378 1758 497 1833 nostre
527 1772 565 1833 et
591 1784 656 1856 pro
683 1758 798 1833 salute
825 1762 1026 1833 animarum
1053 1763 1215 1863 omnium
1245 1758 1504 1834 antecessorum
1527 1770 1566 1835 et
1595 1760 1830 1839 successorum

377 1896 578 1973 nostrerum
595 1895 726 1973 dedisse
743 1894 943 1973 concellilse
960 1907 999 1971 et
1015 1900 1083 1973 hac
1100 1898 1256 1993 presenti
1270 1901 1380 1973 Carta
1391 1898 1512 1977 nostra
1525 1900 1746 1977 confirmasse
1762 1908 1830 1978 deo

376 2048 417 2111 et
441 2040 549 2111 beate
567 2036 685 2111 Marie
703 2039 831 2134 virgini
849 2046 887 2110 et
910 2038 1019 2110 beato
1037 2035 1211 2111 Michaeli
1229 2037 1462 2135 Archangelo
1479 2050 1518 2113 et
1534 2038 1674 2114 Abbati
1692 2052 1731 2113 et
1747 2067 1830 2116 can·

376 2179 490 2251 onicis
516 2180 561 2249 de
579 2176 698 2249 Scona
714 2178 781 2249 deo
799 2186 838 2249 et
854 2176 962 2249 beato
981 2176 1155 2249 Michaeli
1181 2178 1316 2250 ibidem
1338 2174 1576 2251 servientibus
1594 2189 1634 2251 et
1653 2190 1828 2275 perpetuo

376 2313 558 2387 servituris
570 2315 703 2387 Totum
716 2315 928 2411 thanagium
942 2316 987 2387 de
999 2314 1118 2389 Scona
1128 2337 1210 2387 eum
1223 2317 1391 2388 omnibus
1402 2314 1503 2389 iustis
1515 2319 1747 2411 pertinenciis
1757 2318 1828 2391 suis

375 2478 441 2549 per
457 2456 571 2525 redas
597 2462 713 2525 metas
730 2460 768 2525 et
786 2450 914 2525 divisas
931 2448 1011 2525 suas
1027 2451 1190 2525 Tenend‘
1207 2464 1247 2525 et
1263 2454 1421 2526 habend·
1439 2452 1572 2526 eisdem
1589 2459 1769 2529 canonicis
1789 2469 1828 2531 et

376 2615 501 2664 eorum
518 2587 770 2663 successoribus
796 2591 841 2663 de
866 2591 970 2661 nobis
996 2598 1034 2662 et
1058 2589 1252 2663 heredibus
1276 2589 1405 2663 nostris
1421 2593 1460 2663 in
1476 2592 1626 2666 liberam
1647 2618 1773 2688 puram
1790 2606 1829 2669 et

375 2740 587 2824 perpetuam
610 2724 840 2801 elemosinam
866 2729 903 2799 in
929 2723 1034 2800 bosco
1060 2739 1098 2800 et
1123 2728 1231 2822 plano
1255 2731 1294 2800 in
1319 2734 1430 2824 pratis
1448 2740 1487 2804 et
1508 2730 1648 2825 pascuis
1664 2734 1703 2803 in
1719 2736 1828 2805 moris

376 2864 532 2941 marefiis
549 2876 588 2939 et
604 2868 751 2962 petariis
768 2869 805 2937 in
823 2868 890 2937 viis
908 2876 947 2939 et
965 2863 1101 2938 semitis
1118 2869 1156 2938 in
1173 2870 1275 2960 aquis
1292 2864 1427 2963 stagnis
1452 2872 1596 2941 vivariis
1621 2870 1771 2944 lacubus
1788 2884 1827 2945 et

373 3003 630 3101 piscationibus
653 3007 691 3075 in
708 3002 924 3076 molendinis
941 3012 979 3075 et
996 3004 1165 3075 multuris
1182 3006 1219 3075 in
1238 3001 1373 3077 affertis
1390 3015 1429 3078 et
1445 3002 1653 3079 assartandis
1669 3018 1708 3079 et
1722 3031 1828 3117 vena-

373 3143 535 3215 tionibus
546 3152 584 3215 et
597 3142 894 3236 aucupationibus
905 3151 944 3213 et
956 3144 994 3213 in
1005 3141 1170 3213 omnibus
1183 3141 1262 3214 aliis
1274 3141 1502 3215 libertatibus
1512 3146 1828 3220 commoditatibus

373 3292 413 3354 et
423 3277 639 3353 aisiamentis
650 3289 726 3353 tam
736 3304 810 3352 non
822 3282 1018 3354 nominatis
1028 3302 1135 3374 quam
1146 3282 1341 3352 nominatis
1351 3283 1397 3353 ad
1408 3284 1543 3353 disum
1555 3284 1768 3380 thanagium
1782 3288 1827 3357 de

373 3422 451 3492 iure
463 3418 729 3513 pertinentibus
746 3415 808 3489 seu
825 3418 956 3489 futuris
969 3416 1191 3509 temporibus
1203 3419 1387 3510 pertinere
1399 3418 1604 3490 valentibus
1613 3421 1704 3492 adeo
1714 3420 1827 3492 libere

374 3568 412 3629 et
441 3560 564 3650 quiete
593 3555 700 3649 plene
726 3564 764 3627 et
789 3554 986 3628 honorifice
1013 3551 1104 3627 sient
1131 3555 1252 3649 aliqua
1278 3552 1472 3628 elemosina
1497 3558 1536 3627 in
1562 3580 1673 3653 regno
1703 3556 1827 3631 Scocie

374 3695 520 3767 liberius
537 3696 694 3788 quietius
716 3694 857 3788 plenius
880 3703 919 3766 et
943 3692 1238 3767 honorificentius
1254 3701 1403 3765 tenetur
1418 3691 1481 3765 seu
1497 3690 1694 3787 poffidetur
1718 3696 1827 3769 Salva

374 3828 578 3905 defensione
599 3833 699 3927 regni
726 3827 834 3903 nostri
852 3828 1102 3924 Volumusque
1119 3840 1157 3902 et
1174 3832 1404 3902 concedimus
1421 3832 1516 3924 quod
1542 3831 1691 3925 predicti
1717 3834 1827 3905 abbas

374 3982 413 4045 et
445 3973 608 4045 canonici
641 3970 799 4043 habeant
832 3980 871 4043 et
905 3980 1055 4043 teneant
1089 3966 1238 4041 Curiam
1273 3966 1372 4041 snam
1407 3970 1453 4041 de
1486 3970 1654 4042 omnibns
1687 3973 1823 4043 dictum

375 4112 586 4206 thanagium
615 4108 902 4181 inhabitantibus
929 4104 1020 4180 ficut
1048 4109 1093 4181 de
1119 4106 1199 4179 aliis
1225 4105 1431 4177 hominibus
1457 4104 1529 4178 suis
1562 4109 1699 4179 curiam
1725 4106 1824 4180 suam

373 4247 515 4343 plenius
542 4254 670 4319 tenent
696 4242 758 4317 seu
785 4240 962 4339 poffident
990 4244 1035 4315 In
1063 4247 1163 4317 cuius
1189 4246 1242 4315 rei
1269 4241 1516 4315 testimonium
1542 4243 1698 4338 presenti
1726 4255 1824 4317 carte

372 4383 494 4458 nostre
516 4384 685 4480 Sigillum
702 4379 862 4455 nostrum
879 4384 1029 4457 fecimus
1046 4384 1176 4477 apponi
1201 4378 1367 4455 'l'estibus
1384 4382 1647 4456 venerabilibus
1664 4386 1825 4477 patribus

374 4524 529 4596 dominis
546 4521 707 4595 Heni-ico
724 4516 965 4593 Abirdonenfi
982 4520 1101 4594 David
1118 4516 1336 4606 moraviensi
1362 4530 1401 4593 et
1427 4521 1606 4594 Nicbolao
1623 4521 1824 4596 Dumblan-

374 4658 448 4734 enfi
475 4662 532 4733 dei
557 4661 674 4756 gratia
699 4657 883 4753 Episcopis
911 4658 1071 4731 Domino
1097 4658 1283 4731 Bernerdo
1309 4659 1436 4731 eadem
1462 4662 1579 4755 gratia
1604 4658 1752 4733 Abbate
1779 4663 1824 4731 de

373 4799 618 4873 Abirbrothoc
645 4797 869 4879 Cancellario
899 4794 1019 4869 nostro
1049 4796 1240 4870 Willelmo
1268 4798 1413 4869 Comite
1442 4794 1601 4870 Rolsenfi
1626 4798 1824 4880 malcolmo

374 4940 507 5010 comite
541 4937 586 5009 de
616 4936 769 5008 levenax
800 4936 967 5008 Gilberto
998 4936 1043 5007 de
1071 4935 1154 5009 haia
1183 4932 1455 5007 Constabulario
1485 4930 1605 5006 nostro
1634 4934 1758 5008 Scotie
1786 4946 1825 5007 et

375 5076 534 5151 Roberte
560 5076 606 5147 de
622 5074 726 5147 Keth
753 5072 967 5147 Murescallo
992 5069 1112 5145 nostro
1137 5072 1261 5147 Scotie
1290 5072 1467 5145 militibus
1491 5072 1602 5166 Apud
1629 5072 1826 5145 luchethor
1977 5064 1985 5080 ’

371 5213 522 5311 septimo
541 5216 599 5285 die
616 5213 752 5308 Aprilis
771 5212 881 5285 Anno
898 5213 999 5309 regni
1017 5208 1125 5283 nostri
1144 5210 1307 5307 septimo.

1087 5374 1112 5424 u
