4917 6509
717 838 765 909 94
1223 828 1380 902 LIBER
1406 826 1653 902 occultans
1990 845 2067 897 sno.
2086 844 2169 897 xlv.

717 1039 862 1103 maneat
880 1072 887 1087 ·
908 1041 945 1103 et
962 1031 1033 1103 alia
1049 1029 1225 1103 medietas
1243 1052 1354 1123 penes
1371 1028 1454 1100 ddm
1472 997 1647 1099 Walsum
1672 1040 1698 1097 ”k
1722 1026 1873 1098 heredes
1886 1025 1967 1097 suos
1983 1034 2169 1096 remaneat

716 1170 906 1263 imppetnir
925 1210 932 1226 ·
953 1168 1032 1239 Nos
1052 1178 1090 1237 v⁰
1105 1180 1130 1239 t
1155 1164 1366 1239 successores
1391 1167 1447 1236 nii
1465 1166 1534 1236 ddo
1552 1135 1687 1237 Walso
1703 1177 1730 1237 ”t
1744 1165 1913 1259 heredib3
1937 1166 2011 1236 suis
2035 1144 2168 1259 iiddom

717 1274 818 1375 snam
845 1311 890 1376 cis
916 1308 1083 1396 ptineciis
1102 1344 1110 1361 ·
1127 1316 1153 1375 *t
1170 1303 1373 1396 libertatib3
1389 1311 1430 1373 vt
1454 1284 1565 1397 fldem
1590 1298 1644 1373 est
1667 1300 1773 1374 cont‘
1789 1311 1891 1374 offies
1914 1304 2027 1374 hoinir
2052 1302 2169 1373 tilios·

717 1454 742 1511 t
759 1440 849 1513 filias
875 1444 1064 1539 imppetur'r
1084 1439 1402 1513 Warandisabim9
1421 1440 1686 1532 acquietabim9
1702 1478 1710 1495 ·
1726 1452 1752 1511 t
1768 1440 1982 1513 defendem9
1998 1478 2006 1497 ·
2023 1439 2070 1511 In
2085 1441 2170 1511 hui?

718 1588 756 1649 v⁰
773 1582 824 1652 rei
843 1576 1052 1653 testimonio
1068 1574 1187 1674 sigillo
1206 1582 1363 1651 comune
1379 1574 1475 1671 eupli
1492 1578 1551 1649 nii
1568 1560 1688 1673 {isonti
1705 1586 1805 1651 carte
1821 1575 2026 1672 apposuim9
2043 1573 2169 1649 -Telte

718 1714 822 1811 oaplo
838 1724 905 1789 nio
922 1698 1017 1812 lidio
1032 1729 1059 1786 *t
1074 1717 1196 1790 multis
1217 1715 1297 1787 aliis
1314 1714 1453 1787 clericis
1468 1727 1494 1784 t
1511 1714 1612 1788 laicis
1628 1758 1638 1773 ·
1658 1716 1738 1812 Ego
1753 1716 1790 1813 gs
1807 1685 1963 1788 walpur
1977 1728 2005 1786 t
2019 1718 2170 1788 heredes

719 1857 790 1927 mei
816 1838 947 1952 iiddom
974 1864 1110 1927 cartam
1128 1862 1175 1926 cir
1191 1853 1328 1927 orticlis
1345 1857 1383 1927 in
1400 1854 1488 1926 eade
1505 1857 1688 1927 contentis
1704 1838 1799 1951 {idio
1816 1854 1915 1927 Acti
1931 1867 1958 1925 n
1973 1856 2144 1927 conuetui
2161 1894 2169 1911 ·

718 1997 910 2087 imppetuir
936 1991 1203 2066 conseruabim9
1228 1989 1364 2065 illesam
1382 2029 1390 2048 ·
1411 1991 1459 2063 In
1483 1994 1565 2064 oui9
1584 1995 1636 2065 rei
1662 1989 1871 2065 testimoniis
1893 1974 2014 2089 fisenti
2040 1991 2169 2087 scripto

719 2129 838 2228 figillo
855 2140 939 2204 meir
964 2130 1109 2226 apposui
1126 2170 1135 2187 ·
1153 2130 1227 2205 Det
1245 2129 1318 2225 apd
1334 2128 1419 2203 sccii
1437 2132 1496 2203 die
1522 2129 1608 2204 lune
1633 2133 1672 2202 iu
1692 2128 1845 2205 crastino
1863 2129 1926 2205 sce
1948 2131 2062 2204 Lucis
2079 2134 2169 2227 virg·

718 2282 742 2339 t
759 2270 880 2343 ‹o‘rtii
897 2308 905 2325 ·
923 2268 1033 2341 Anno
1051 2270 1113 2365 gie
1129 2280 1180 2344 (οῦ
1192 2308 1200 2325 ·
1214 2279 1313 2341 oco⁰·
1329 2276 1456 2362 quarto
1475 2310 1483 2324 ·

719 2546 829 2620 Bulla
845 2546 1045 2619 Clementis
1064 2545 1162 2640 Pope
1180 2589 1188 2603 ·

627 2830 695 2893 198
722 2798 907 2897 Clemens
933 2820 1130 2917 Episcopus
1155 2818 1276 2893 servus
1301 2818 1483 2893 servorum
1509 2824 1568 2895 dei
1590 2824 1730 2896 ddecus
1754 2824 1838 2897 filiis
1863 2825 2002 2900 Abbati
2023 2836 2063 2898 et
2087 2850 2170 2899 oon-

720 2964 845 3035 ventui
876 2957 1082 3033 monasterii
1112 2959 1157 3031 de
1188 2958 1308 3031 Scona
1336 2960 1471 3032 ordinis
1501 2960 1624 3034 sanci
1653 2958 1850 3057 Augustini
1874 2962 1998 3036 Sensi
2022 2964 2170 3037 Andree

718 3097 876 3198 dyocesis
901 3098 1111 3175 salutemet
1134 3094 1364 3193 apostolicam
1383 3100 1673 3171 benedittionem
1689 3138 1697 3156 ·
1716 3100 1931 3173 Devotionis
1948 3098 2064 3175 vestro
2089 3125 2170 3196 pre·

722 3242 824 3315 cibus
840 3240 1004 3313 inclinati
1019 3248 1061 3310 ut
1077 3234 1303 3331 possessiones
1319 3249 1358 3309 et
1375 3238 1558 3311 olisbona
1574 3238 1721 3311 mobilia
1737 3248 1776 3311 et
1792 3239 1991 3313 immobilia
2006 3263 2077 3334 que
2093 3264 2172 3335 per-

722 3376 823 3449 sonas
840 3377 969 3449 liberas
987 3377 1139 3449 fratrum
1156 3372 1355 3447 vestrorum
1366 3376 1413 3449 ad
1429 3373 1685 3449 monasterium
1697 3374 1857 3449 vestrum
1871 3380 1998 3451 mundi
2011 3382 2171 3452 venitote

723 3515 864 3589 Relitta
889 3512 1159 3587 convolantium
1185 3522 1223 3585 et
1240 3508 1493 3606 professionem
1517 3514 1728 3587 facientium
1753 3517 1793 3585 in
1817 3511 1989 3587 eodemsr
2015 3516 2172 3589 Reman·

722 3648 842 3725 srslent
859 3654 897 3725 in
914 3650 1033 3725 seculo
1053 3654 1136 3745 Jure
1154 3646 1378 3725 successionis
1394 3652 1454 3726 vel
1480 3674 1694 3746 quocunque
1704 3649 1803 3746 justo
1820 3652 1929 3725 titulo
1945 3652 2172 3750 contigissent

721 3800 759 3863 et
784 3814 853 3884 que
880 3785 945 3885 ipfi
972 3786 1166 3862 existentes
1191 3792 1230 3862 in
1253 3787 1373 3863 seculo
1397 3786 1591 3885 potuissent
1616 3791 1716 3863 vobis
1740 3790 1854 3863 libere
1879 3790 2021 3887 Rogare
2044 3802 2170 3887 petere

723 3929 899 4023 Recipere
916 3940 958 4001 a'c
976 3927 1150 4001 Retinere
1175 3928 1288 4003 libere
1306 3927 1456 4001 valeatis
1471 3923 1547 3999 fine
1566 3928 1659 4021 juris
1675 3928 1873 4021 prejudicio
1897 3930 2006 4001 alieni
2021 3934 2173 4003 suttori·

722 4076 801 4141 tate
817 4068 918 4139 vobis
935 4064 1155 4161 presentium
1180 4067 1410 4163 indulgemus
1453 4064 1559 4137 Nulli
1585 4088 1670 4160 ergo
1696 4068 1843 4139 omnino
1859 4068 2048 4141 hominum
2065 4069 2173 4143 liceat

722 4205 814 4277 hanc
832 4206 1000 4300 peginam
1025 4202 1145 4277 nostre
1162 4200 1396 4277 concessionis
1421 4205 1615 4299 infringere
1640 4202 1698 4275 vel
1716 4206 1749 4277 ei
1766 4203 1854 4277 ausu
1878 4210 2070 4280 temerario
2089 4230 2173 4280 eou-

723 4342 831 4413 trnire
882 4340 921 4414 Si
939 4344 1018 4435 quis
1035 4351 1159 4414 sutem
1175 4342 1245 4413 hoo
1261 4350 1479 4436 attemptare
1491 4337 1744 4437 presumpserit
1759 4343 2043 4439 indignationem
2060 4348 2173 4417 omni·

722 4478 883 4573 potentis
900 4478 958 4551 dei
975 4488 1014 4551 et
1030 4479 1218 4551 beatorum
1236 4478 1338 4551 Petri
1355 4487 1394 4551 et
1421 4478 1525 4553 Pauli
1543 4476 1785 4574 apostolorum
1808 4482 1885 4575 ejus
1901 4479 1939 4555 so
1954 4486 2095 4555 noverit
2120 4485 2173 4554 in·

724 4614 909 4691 cursurum
950 4615 1089 4689 Datum
1114 4618 1265 4712 pidtauis
1288 4618 1349 4712 viij
1364 4616 1453 4691 Idus
1471 4617 1658 4711 Februarij
1681 4618 1913 4711 pontificatus
1935 4618 2043 4693 nostri
2061 4619 2173 4693 Anno

724 4758 844 4829 tertio.
