4917 6509
673 792 743 861 206
1176 782 1332 856 LIBER
1358 780 1602 855 meliusne

676 1126 892 1220 Preceptum
910 1118 1034 1197 Safine
1051 1121 1075 1195 J
1077 1122 1227 1195 ohannis
1245 1120 1492 1195 Haliburtoun
1510 1161 1518 1177 ·

577 1380 658 1479 930¹.
680 1380 871 1476 Patricius
889 1396 1123 1472 Miseratione
1140 1400 1265 1469 diuina
1290 1395 1483 1470 Morauieir
1510 1393 1612 1491 Epus
1637 1418 1679 1469 sc
1703 1394 1907 1469 monasterii
1933 1398 1978 1470 de
2004 1398 2124 1473 Scona

675 1539 1010 1615 commendatarius
1026 1544 1182 1630 ppetuns
1200 1543 1239 1607 et
1255 1532 1356 1607 eiusd
1368 1535 1437 1607 loci
1450 1534 1663 1607 Conuentus
1676 1533 1827 1607 Dibon
1843 1530 1971 1607 nostris
1986 1534 2123 1609 Jaoobo

677 1674 923 1752 Holiburtouii
939 1675 1077 1748 Jacobo
1094 1673 1181 1745 smol
1200 1672 1266 1743 W⁰
1283 1671 1512 1766 Halyburtoii
1529 1672 1694 1745 Antonio
1710 1696 1797 1767 pery

677 1819 820 1891 bulliuis
837 1817 912 1887 niis
929 1816 967 1886 in
984 1815 1050 1885 hao
1068 1822 1170 1907 parte
1187 1811 1354 1908 spealiter
1370 1807 1564 1892 constituti
1581 1809 1746 1884 Salutem
1763 1810 1859 1897 Quia
1875 1834 1940 1884 nos
1962 1816 2122 1886 manimi

677 1952 847 2027 consensu
873 1963 911 2025 et
937 1946 1073 2025 offensu
1106 1920 1321 2045 capitularii)
1348 1950 1556 2044 congregati
1581 1949 1774 2044 uilitateq,
1798 1949 1867 2022 nia
1891 1962 1930 2023 et
1954 1952 2039 2024 diei
2065 1955 2124 2023 nii

677 2090 881 2165 monosterii
899 2090 1017 2184 vndiq„
1042 2087 1180 2183 prouisa
1205 2099 1244 2161 et
1268 2086 1415 2183 pensata
1440 2086 1617 2183 Diligenti
1642 2090 1799 2161 troitatu
1827 2097 1866 2161 et
1894 2103 2037 2163 matura
2065 2093 2125 2165 de·

678 2233 890 2304 liberatione
913 2228 1099 2323 prehabitr
1115 2227 1219 2300 acad
1238 2230 1403 2299 decorem
1420 2237 1459 2298 et
1475 2226 1639 2320 politium
1655 2227 1853 2320 reipublice
1867 2230 1969 2323 regni
1986 2238 2025 2300 et
2041 2254 2125 2302 eon-

679 2368 914 2463 templatione
930 2363 1148 2438 statutorum
1164 2364 1353 2458 pliomenti
1374 2360 1485 2457 desup
1509 2365 1688 2436 editorum
1713 2364 1764 2437 Et
1787 2368 1957 2460 precipue
1980 2376 2127 2461 propter

680 2514 970 2603 augmento‘nem
987 2506 1045 2575 nii
1062 2502 1209 2576 rantalis
1226 2503 1311 2574 diui
1328 2502 1397 2575 loci
1414 2504 1460 2573 ad
1477 2499 1618 2575 lirmsm
1635 2505 1764 2599 viginti
1777 2500 1968 2575 solidorum
1978 2516 2125 2577 monete

681 2646 791 2719 scotie
807 2645 969 2717 inuutim
987 2642 1243 2716 Verumeciam
1267 2664 1332 2735 pro
1357 2649 1457 2713 certa
1479 2637 1617 2713 summa
1641 2643 1847 2735 pecuniaria
1870 2643 1974 2714 nobis
1998 2666 2024 2735 p
2047 2666 2127 2737 pro-

681 2786 805 2857 uidum
840 2784 956 2853 virum
986 2779 1190 2853 Johannem
1224 2776 1470 2852 Holiburtouii
1505 2775 1641 2849 seniore
1672 2786 1846 2873 germanis
1877 2780 1972 2853 from
2005 2780 2129 2874 quond

670 2912 821 3019 ‘georgii
838 2916 1085 2991 Haliburtouii
1103 2918 1148 2989 de
1165 2916 1300 2989 Petcur
1322 2916 1424 2989 nobis
1449 2938 1513 3009 pre
1528 2917 1694 2989 monibus
1715 2915 1897 3010 persoluta
1911 2943 1954 2991 ac
1971 2921 2008 2991 in
2026 2918 2127 2991 usum

683 3070 720 3133 et
754 3059 1016 3153 reparationem
1051 3056 1136 3128 diei
1169 3058 1225 3127 nii
1256 3050 1459 3127 monasterii
1489 3052 1660 3128 conuerso
1688 3055 1864 3128 Dedimus
1896 3054 2129 3131 conoeffimns

684 3196 930 3269 orrendauim9
964 3194 1140 3265 locauim9
1173 3202 1210 3265 et
1245 3193 1290 3264 ud
1323 3192 1525 3265 feudiiirmi
1553 3189 1628 3263 srue
1656 3191 1905 3288 emphiteoiim
1934 3194 2130 3270 dimisimus

685 3335 850 3407 Predido
867 3331 892 3405 J
894 3333 1026 3403 ohanni
1044 3328 1291 3404 Haliburtouii
1308 3332 1346 3401 in
1364 3330 1464 3402 vitali
1482 3331 1625 3403 redditu
1649 3354 1712 3425 pro
1739 3340 1902 3428 tempore
1919 3338 1995 3407 vite
2010 3332 2072 3408 sue
2087 3362 2130 3409 ac

686 3470 841 3544 Willmo
859 3467 1106 3543 Haliburtouii
1124 3471 1201 3541 eius
1217 3469 1293 3539 filio
1310 3478 1348 3539 et
1364 3468 1556 3539 heredibus
1571 3466 1643 3540 suis
1659 3466 1824 3541 masculis
1841 3472 1887 3543 de
1904 3496 2051 3566 corpore
2067 3472 2130 3545 suo

684 3610 845 3705 legitime
861 3611 1046 3702 procreati
1070 3628 1134 3678 seu
1156 3605 1383 3699 procreandis
1400 3604 1540 3688 Quibus
1566 3604 1716 3677 delicieii
1743 3606 1855 3703 Mgro
1872 3608 2010 3681 'l'home
2028 3610 2132 3682 Heli·
2222 3620 2227 3629 '

685 3744 844 3821 auriono
861 3746 962 3817 narn
987 3724 1123 3843 &mano
1148 3744 1233 3814 orei
1256 3742 1432 3815 ronanus
1456 3751 1495 3814 es
1518 3742 1709 3814 heredibus
1726 3742 1797 3815 sus
1812 3743 1975 3819 masculis
1991 3749 2039 3820 oe
2056 3772 2132 3820 cor.

686 3904 764 3980 por·
793 3880 856 3955 suo
886 3882 1048 3977 legitime
1078 3883 1263 3975 procreati
1287 3903 1351 3953 seu
1373 3881 1598 3974 procreandis
1624 3881 1765 3965 Quibus
1789 3884 1868 3955 ecii
1891 3884 2043 3958 deficieii
2068 3888 2133 3959 Jo-

686 4026 796 4097 hanni
815 4018 1060 4094 Haliburtouii
1072 4020 1206 4113 juniori
1223 4000 1359 4118 &mono
1375 4019 1422 4091 ni
1439 4021 1613 4091 ditiorum
1630 4018 1806 4093 Johannis
1822 4031 1861 4094 et
1877 4023 1972 4123 τοξή
1996 4022 2133 4100 'l'home

688 4172 727 4234 et
743 4161 934 4234 heredibus
950 4153 1021 4229 suis
1038 4156 1202 4231 masculis
1219 4159 1265 4230 de
1282 4176 1420 4253 corpor
1433 4156 1495 4228 suo
1507 4155 1828 4253 legitimepcresti
1840 4182 1904 4232 seu
1916 4166 2134 4255 procreandi

689 4299 829 4386 Quibus
847 4296 989 4369 omibus
1011 4296 1161 4368 delicieri
1187 4296 1359 4391 legitimis
1384 4305 1422 4367 et
1448 4293 1658 4389 ppinquio¹³⁹
1673 4297 1864 4371 heredibus
1886 4298 2051 4374 masculis
2076 4306 2135 4375 dei
2196 4320 2199 4325 ·

691 4435 871 4507 Willelmi
886 4430 1133 4505 Huliburtouii
1150 4430 1382 4527 quibuscunq„
1398 4430 1536 4505 Omnes
1552 4442 1591 4506 et
1609 4433 1777 4530 Singulas
1793 4445 1907 4508 terras
1923 4446 2007 4511 nias
2024 4440 2070 4513 de
2087 4441 2135 4513 lie

690 4574 808 4646 monis
826 4573 870 4643 de
887 4572 1011 4642 mowis
1028 4576 1225 4643 tunamone
1238 4569 1495 4666 oarnyquhyok
1513 4579 1552 4641 et
1568 4570 1616 4643 lie
1633 4582 1711 4643 cott
1728 4571 1818 4644 touii
1835 4597 1918 4645 cnm
1935 4578 2135 4669 pendiculis

692 4722 729 4783 et
746 4710 938 4809 ptinenciis
956 4705 1093 4780 earund
1102 4708 1209 4801 jaceri
1226 4710 1265 4778 in
1282 4708 1403 4779 doinio
1420 4704 1540 4780 nostro
1565 4710 1610 4782 de
1636 4708 1754 4783 Soonu
1775 4719 1814 4783 et
1838 4712 1932 4785 inlro
1948 4716 2136 4788 vicecomi-

693 4857 811 4921 tatum
829 4848 874 4919 de
890 4843 997 4940 pertb
1024 4843 1073 4917 Et
1097 4868 1162 4939 per
1187 4843 1323 4918 dietum
1342 4844 1501 4937 johanni
1524 4842 1698 4919 seniorem
1723 4858 1762 4920 et
1785 4845 1865 4921 suos
1889 4858 2056 4925 tenentes
2078 4854 2137 4925 die

693 4985 922 5059 confectionis
938 4981 1082 5078 fintium
1099 4982 1292 5056 inhabitat·
1308 4992 1415 5076 prout
1432 4985 1470 5055 in
1487 4993 1586 5057 carta
1601 4984 1669 5061 nis
1686 4983 1836 5081 desuper
1851 4987 2014 5061 confecia
2029 4989 2138 5063 latius
