4917 6509
669 854 715 945 aa
1179 844 1337 917 LIBER
1363 845 1610 919 ECCLRSIE
1946 868 2023 919 snc.
2042 868 2124 919 xrv.

669 1184 869 1255 Prohibitio
887 1182 1038 1253 Roberti
1057 1182 1168 1278 Regis
1192 1185 1337 1275 nequis
1363 1186 1554 1257 canonicos
1571 1186 1617 1257 de
1633 1182 1753 1257 Scona
1772 1187 2017 1258 incommodo
2043 1188 2127 1261 faoi-

668 1323 762 1393 endo
779 1323 825 1393 de
842 1322 1013 1417 thanagio
1032 1322 1076 1393 de
1094 1322 1215 1394 Scona
1230 1323 1416 1416 impediat.

571 1604 638 1669 139
671 1576 869 1673 Robertus
887 1600 944 1671 dei
959 1598 1087 1671 Gratia
1104 1600 1186 1669 Rex
1204 1597 1415 1671 Scottorum
1458 1598 1638 1673 Omnibus
1655 1601 1776 1695 probis
1791 1602 1998 1674 hominibus
2016 1606 2128 1676 totius

670 1748 766 1811 terre
784 1735 845 1809 sue
863 1734 1016 1809 salutem
1034 1736 1129 1821 Quia
1146 1732 1302 1831 religiosi
1316 1739 1382 1807 viri
1395 1735 1522 1810 Abbas
1535 1749 1574 1810 et
1586 1749 1788 1811 conventus
1802 1742 1848 1812 de
1861 1740 1981 1813 Scona
1992 1741 2129 1815 habent

671 1879 716 1949 de
745 1878 849 1948 nobis
876 1876 1087 1971 thanagium
1114 1876 1159 1946 de
1186 1872 1305 1949 Scona
1328 1874 1494 1948 ffirmiter
1522 1877 1755 1970 prohibemus
1783 1882 1936 1971 nequis
1962 1878 2056 1974 ipsos
2082 1883 2129 1953 ad

672 2014 875 2085 faciendum
893 2014 1122 2085 commodum
1139 2009 1244 2084 sunm
1261 2013 1307 2085 de
1324 2013 1420 2084 ditio
1438 2014 1608 2110 thanagio
1621 2026 1729 2109 prout
1741 2017 1871 2089 melius
1884 2018 2040 2090 viderint
2053 2021 2129 2091 fore

673 2152 878 2223 faciendum
896 2150 1077 2243 lmpedire
1101 2147 1285 2243 presumat
1302 2160 1429 2224 contra
1445 2162 1610 2224 tenorem
1627 2154 1738 2226 Certe
1756 2152 1876 2227 nostre
1893 2154 2026 2228 eisdem
2046 2160 2130 2230 inde

673 2290 835 2361 confette
865 2288 1004 2361 Datum
1033 2288 1145 2381 Apud
1172 2285 1369 2360 Stratburd
1393 2290 1470 2383 xxij
1495 2291 1554 2362 die
1583 2292 1705 2385 marcij
1733 2291 1844 2365 Anno
1874 2292 1993 2390 Regni
2023 2292 2132 2367 nostri

674 2428 825 2499 decimo.

674 2690 785 2763 Carta
801 2690 952 2763 Roberti
970 2691 1081 2786 Regis
1099 2692 1144 2761 de
1161 2692 1418 2763 donationibus
1434 2690 1696 2767 autecessomm
1714 2695 1868 2769 suorum.

587 3008 656 3073 133
679 2960 874 3055 Robertus
904 2983 961 3054 dei
987 2984 1103 3077 gratia
1128 2982 1210 3053 Rex
1237 2980 1449 3053 Scottorum
1473 2976 1678 3053 Justiciario
1703 2976 1766 3052 suo
1792 3004 1839 3052 ex
1869 2990 1972 3075 parte
1995 2981 2129 3053 boreali

675 3147 767 3216 aque
784 3123 830 3193 de
856 3122 953 3193 forth
971 3146 1013 3193 ac
1030 3122 1303 3193 vicecomitibus
1329 3122 1375 3191 de
1392 3119 1505 3191 Pertb
1523 3121 1625 3191 etde
1643 3120 1673 3190 F
1674 3120 1768 3191 orfar
1784 3130 1823 3191 et
1840 3144 1966 3193 eorum
1991 3120 2131 3192 ballivis

675 3263 737 3353 qui
754 3284 818 3353 pro
835 3270 998 3354 tempore
1016 3260 1150 3331 fuerint
1168 3282 1310 3331 necnon
1327 3268 1366 3330 et
1383 3261 1514 3330 ceteris
1538 3259 1658 3352 probis
1675 3258 1881 3329 bominibus
1905 3261 2020 3331 totius
2036 3268 2131 3331 terre

675 3396 737 3470 sue
754 3394 907 3469 salutem
958 3395 1090 3467 Sciatis
1116 3418 1180 3466 nos
1205 3393 1461 3490 inspexissent·
1488 3398 1664 3468 veraciter
1688 3393 1903 3468 intellexisse
1928 3407 2044 3469 cartas
2060 3398 2132 3469 Re

675 3530 880 3629 ligiosorum
899 3535 1056 3603 virorum
1075 3532 1232 3603 Abbatis
1250 3542 1289 3603 et
1305 3542 1506 3605 conventus
1523 3535 1569 3605 de
1586 3532 1706 3606 Scona
1722 3531 1828 3628 snper
1844 3536 2010 3607 omnibus
2027 3539 2132 3609 terris

676 3672 896 3743 tenementis
914 3679 953 3741 et
977 3664 1243 3763 poss'effionibus
1269 3665 1404 3741 eisdem
1430 3667 1600 3743 concessus
1624 3696 1689 3767 per
1713 3668 1971 3766 predecessores
1995 3670 2133 3745 nostros

677 3810 796 3905 Reges
815 3808 938 3881 Scotie
954 3831 1020 3902 per
1037 3830 1124 3900 quas
1150 3808 1381 3901 concepimus
1407 3810 1597 3882 evidenter
1621 3811 1717 3903 qnod
1735 3807 1799 3906 ipsr
1818 3809 1988 3908 Religiosr
2007 3836 2132 3885 omnes

676 3961 791 4022 terras
826 3956 1038 4019 tenemento
1070 3955 1108 4017 et
1142 3940 1368 4040 possessiones
1407 3948 1586 4039 predittas
1621 3950 1667 4019 de
1698 3950 1782 4043 jure
1815 3958 1942 4021 tenere
1976 3951 2133 4024 debeant

677 4090 766 4161 adeo
792 4086 905 4158 libere
923 4095 961 4157 et
987 4088 1110 4177 quiete
1135 4084 1297 4177 plenarie
1323 4094 1362 4156 et
1386 4084 1582 4157 honorifice
1607 4088 1645 4158 in
1670 4110 1796 4181 puram
1823 4088 1973 4162 liberam
1990 4099 2029 4163 et
2053 4115 2134 4184 per·

676 4238 826 4321 petuam
844 4219 1073 4297 elemosinam
1091 4218 1182 4293 ficut
1199 4218 1349 4293 ecclesus
1365 4222 1487 4315 aliqua
1511 4222 1630 4319 Regni
1654 4222 1764 4297 nostri
1790 4235 1902 4298 terras
1928 4192 2008 4301 suas
2033 4239 2135 4303 tene·

677 4374 803 4436 menta
828 4373 867 4436 et
892 4357 1115 4456 polseffiones
1142 4360 1289 4432 liberius
1315 4362 1472 4452 quietius
1498 4386 1540 4434 ac
1565 4363 1860 4436 honorificentius
1885 4363 2037 4459 possidet
2063 4365 2135 4441 slve

679 4511 783 4574 tenet
835 4500 1017 4572 Nosrero
1043 4500 1156 4571 didtos
1174 4496 1374 4593 Religiosos
1392 4509 1572 4571 eteorum
1597 4499 1853 4573 monasterinm
1877 4506 2072 4579 defendere
2097 4518 2135 4579 et
2212 4593 2218 4599 .

679 4641 800 4711 fovere
823 4638 980 4709 corditer
1005 4636 1214 4709 affettantes
1240 4659 1365 4728 proco
1383 4639 1479 4731 quod
1506 4637 1627 4733 Reges
1651 4641 1753 4735 regni
1778 4641 1913 4713 ibidem
1940 4644 2135 4737 dignitates

678 4778 758 4851 snas
775 4777 954 4870 recipiunt
972 4784 1011 4846 et
1026 4775 1181 4846 honores
1208 4775 1439 4846 concedimus
1481 4774 1718 4849 Ratificnmus
1735 4785 1774 4849 et
1795 4780 2047 4851 confirmamus
2069 4804 2135 4875 per

679 4913 862 5008 presentes
880 4910 1012 4985 eisdem
1039 4908 1228 5007 Religiofis
1245 4922 1284 4984 et
1301 4932 1426 4983 eornm
1452 4910 1705 4987 successoribus
1720 4917 1759 4986 in
1776 4914 1927 4989 liberam
1951 4940 2077 5010 puram
2096 4932 2134 4991 et

678 5062 892 5149 perpetuam
909 5044 1139 5123 elemosmam
1156 5072 1283 5121 omnes
1300 5061 1414 5122 terras
1429 5060 1642 5125 tenemento
1657 5062 1696 5125 et
1715 5049 1940 5147 possessiones
1956 5057 2134 5148 predidtas
