4917 6509
684 818 731 889 60
1190 808 1347 887 LIBnR
1372 810 1620 917 Eccnnsln
1952 832 2029 887 ero.
2048 834 2136 887 xrrr.

687 1010 863 1087 Dunkeid
879 1015 1029 1109 magro
1046 1010 1068 1085 J
1072 1008 1121 1085 oh
1135 1015 1180 1087 de
1197 1012 1344 1113 Erirlay
1359 975 1484 1108 spatio
1497 1014 1544 1087 de
1559 1012 1694 1109 kerffl‘ii
1706 1052 1716 1071 ·
1730 1010 1932 1107 Reginaido
1944 1011 2020 1085 filio
2035 1035 2138 1085 meo·

609 1156 612 1162 '
686 1154 829 1248 hugone
847 1151 1044 1247 Capeliano
1061 1190 1069 1209 ·
1088 1150 1212 1225 Simon
1229 1148 1322 1225 oiroo
1337 1162 1364 1223 t
1380 1152 1481 1225 aliie·

687 1428 821 1513 Quieta
837 1427 1006 1501 clamatio
1022 1424 1198 1501 Johanuie
1215 1426 1337 1499 cleriei
1354 1436 1450 1499 terre
1465 1448 1531 1521 per
1550 1425 1795 1501 Willielmum
1812 1427 1858 1498 de
1875 1423 1955 1497 Len
1972 1426 2066 1499 date.

617 1704 662 1774 95
688 1680 881 1780 Omnibus
899 1698 1031 1773 Christi
1047 1700 1214 1775 fidelibus
1236 1702 1307 1773 hoo
1330 1700 1503 1796 seriptum
1528 1700 1653 1775 visuris
1678 1702 1737 1775 vei
1761 1702 1937 1775 audituris
1954 1699 2142 1776 Jobauuee

687 1844 837 1916 olerioue
853 1838 949 1913 filius
966 1840 1109 1921 mathei
1127 1839 1317 1934 Lorimarij
1343 1838 1390 1911 de
1415 1838 1528 1912 Pertb
1552 1837 1706 1913 sulutem
1757 1839 1913 1913 Noverit
1929 1837 2142 1913 uuiveriitae

688 1978 805 2055 vestra
821 1980 917 2073 quod
933 1998 1017 2051 oum
1034 1988 1135 2051 moto
1150 1973 1240 2050 eiset
1255 1972 1496 2051 oontroreriie
1519 1978 1557 2050 in
1580 1978 1680 2050 onrie
1699 1974 1931 2075 burgensium
1956 1979 2002 2051 de
2026 1976 2140 2051 Pertb

687 2120 858 2191 interme
874 2140 922 2189 ex
939 2140 1012 2189 une
1028 2124 1132 2209 parto
1147 2125 1187 2188 et
1203 2114 1447 2188 venerabilem
1463 2116 1581 2187 rirnm
1597 2115 1785 2188 dominum
1808 2114 2012 2189 Robertum
2034 2115 2143 2189 abbo·

687 2266 764 2328 tem
786 2264 824 2327 et
849 2262 1070 2330 conventum
1087 2252 1133 2327 de
1150 2252 1294 2326 Soboua
1309 2274 1357 2325 ex
1373 2253 1489 2326 altera
1503 2250 1609 2346 super
1625 2253 1780 2346 quadam
1797 2262 1894 2326 terra
1917 2276 2027 2348 quam
2046 2252 2142 2325 Wil-

687 2391 819 2465 ielmns
836 2394 931 2465 bone
954 2393 1128 2465 memorie
1153 2389 1236 2464 Rex
1261 2390 1387 2464 Sootie
1412 2390 1561 2486 Hugoni
1589 2389 1766 2464 Lorimari
1791 2399 1831 2464 et
1855 2390 2047 2463 heredibus
2070 2389 2143 2463 suia

688 2554 752 2625 pro
768 2528 914 2603 servitio
929 2528 992 2602 sno
1009 2528 1165 2603 eontulit
1189 2536 1227 2601 et
1250 2551 1359 2622 quam
1383 2536 1518 2601 terram
1543 2525 1755 2601 Willolmue
1780 2528 1827 2602 de
1853 2526 1932 2600 Len
1957 2525 2144 2623 burgoniie

688 2670 733 2741 de
760 2669 872 2741 Perth
897 2692 962 2765 per
985 2668 1177 2765 pecuniam
1206 2664 1306 2740 suem
1331 2666 1553 2760 eomparnvit
1583 2674 1623 2737 et
1652 2664 1775 2739 abbati
1804 2678 1844 2739 et
1872 2666 2069 2739 eouveutni
2097 2666 2145 2738 de

690 2805 807 2879 Sooua
823 2830 887 2901 pro
904 2808 1025 2879 anima
1041 2804 1103 2879 sna
1119 2806 1158 2876 in
1180 2811 1398 2899 perpetuum
1416 2800 1518 2875 dedit
1543 2801 1786 2877 oontroveriia
1810 2804 1850 2875 in
1873 2804 1971 2877 imno
1994 2803 2142 2877 modum

689 2945 895 3037 conquievit
917 2943 1088 3017 videlieet
1113 2943 1208 3037 quod
1232 2965 1300 3039 ego
1328 2940 1517 3015 Johanuee
1545 2938 1832 3038 reoognosoendo
1852 2941 1913 3036 jue
1938 2941 2081 3015 abbatie
2104 2953 2143 3015 et

689 3092 888 3155 conventus
915 3083 960 3153 de
985 3080 1105 3155 Soona
1129 3089 1247 3153 totum
1271 3080 1468 3174 predit'oam
1490 3088 1624 3153 terram
1641 3090 1681 3152 et
1697 3088 1818 3153 totum
1828 3080 1891 3174 jue
1907 3102 2031 3152 meum
2048 3082 2143 3173 qnod

687 3222 726 3292 iu
743 3221 838 3292 diota
853 3230 950 3293 terra
964 3220 1074 3293 habui
1092 3220 1149 3292 vel
1175 3240 1236 3291 me
1262 3214 1422 3291 habniffe
1438 3218 1572 3292 credidi
1599 3216 1751 3291 Scilicet
1775 3216 1898 3291 abbati
1922 3226 1962 3291 et
1988 3240 2144 3292 eonven-

688 3358 744 3428 tui
761 3378 826 3449 pro
842 3378 902 3429 me
919 3364 958 3429 et
974 3356 1167 3431 heredibus
1190 3358 1282 3429 meis
1306 3376 1372 3449 per
1397 3358 1513 3427 restae
1536 3354 1666 3427 divisae
1682 3354 1763 3427 suae
1780 3351 1976 3427 secuudum
1992 3357 2089 3450 quod
2106 3358 2144 3429 iu

690 3502 788 3565 earta
804 3493 941 3565 domini
959 3490 1140 3565 Wilielmi
1158 3490 1269 3587 Regia
1286 3488 1411 3564 Sootie
1436 3502 1475 3564 et
1499 3492 1636 3563 domiui
1659 3490 1772 3586 Regia
1788 3489 1991 3565 Alexandri
2016 3504 2056 3565 et
2079 3493 2143 3587 fiiij

688 3628 742 3701 sui
771 3628 1079 3703 confirmationem
1108 3628 1251 3723 plenius
1279 3630 1489 3701 continetur
1516 3630 1678 3722 quietam
1706 3626 1859 3701 clamavi
1919 3625 2030 3702 Istam
2059 3652 2145 3703 vero

690 3770 850 3862 quietam
879 3766 1132 3841 clamationem
1164 3774 1203 3839 et
1230 3766 1323 3859 jurie
1351 3766 1636 3862 recognitionem
1666 3765 1736 3839 feci
1765 3789 1834 3861 ego
1862 3768 1959 3860 apud
1989 3764 2078 3839 Pert
2105 3769 2144 3840 in

690 3905 849 4000 prodiero
873 3914 1114 3979 terrenorum
1139 3900 1376 4000 burgoniibue
1402 3900 1561 3997 ejusdem
1590 3902 1676 3975 ville
1706 3926 1801 3975 auno
1824 3905 1942 4000 gratie
1965 3905 2143 3981 <brnoni

691 4045 818 4137 quinto
834 4039 956 4115 mense
973 4041 1065 4137 Mnij
1115 4041 1332 4115 Jnrnmeuto
1349 4041 1582 4137 corporaliter
1599 4036 1749 4136 prestito
1771 4064 1837 4137 pro
1856 4065 1917 4115 me
1941 4056 1981 4117 et
2005 4044 2144 4117 beredi-

690 4182 758 4253 bue
775 4183 865 4253 meie
881 4190 925 4253 ut
941 4180 1076 4253 dietum
1093 4175 1147 4252 est
1162 4202 1228 4273 pro
1244 4176 1313 4251 ista
1335 4180 1460 4273 quiete
1481 4177 1698 4253 clamatione
1723 4188 1763 4253 et
1780 4180 1874 4274 juria
1898 4184 2144 4278 reooguitioue
2205 4176 2212 4185 ’

679 4317 848 4391 fideliter
875 4315 1095 4391 observando
1145 4316 1197 4389 Et
1225 4313 1253 4388 fi
1283 4318 1473 4413 continget
1501 4318 1598 4409 quod
1627 4341 1694 4413 ego
1722 4316 1782 4391 vel
1812 4317 1942 4413 aliquia
1970 4319 2143 4393 heredum

691 4476 854 4527 meorum
888 4465 1016 4529 eontra
1045 4454 1244 4551 preditam
1278 4455 1439 4547 quietam
1473 4455 1729 4527 clamationem
1762 4460 1902 4529 temere
1934 4464 2144 4552 contempto

687 4593 895 4686 juramento
928 4594 1051 4665 venire
1084 4571 1320 4687 temptaverit
1353 4591 1466 4665 ditior
1498 4592 1669 4666 abbatem
1701 4602 1742 4665 et
1774 4603 1994 4667 eonventum
2027 4593 2145 4688 Super

692 4730 971 4824 prodientem
995 4729 1172 4803 trahendo
1196 4730 1242 4803 nd
1267 4728 1403 4824 pleoita
1425 4726 1499 4806 five
1523 4732 1562 4801 in
1587 4730 1665 4802 foro
1688 4730 1787 4803 civili
1811 4726 1885 4805 fire
1909 4727 2145 4806 eooleiiestieo

692 4870 730 4940 iu
747 4868 849 4943 nulla
865 4870 964 4942 curia
979 4869 1018 4940 in
1036 4862 1218 4962 posterum
1234 4868 1453 4945 exaudietur
1466 4874 1510 4940 ut
1525 4864 1594 4941 ista
1609 4874 1732 4941 nutem
1750 4870 1875 4963 quieta
1886 4868 2055 4941 oiumatio
2067 4878 2146 4941 rata

692 5017 732 5080 et
755 5002 962 5083 iuoonouffa
983 5014 1194 5103 permaneat
1218 5006 1304 5082 huie
1329 5004 1460 5101 scripto
1484 5006 1570 5099 quia
1593 5001 1749 5103 flgitium
1774 5014 1903 5080 notum
1928 5028 2002 5078 non
2028 5006 2145 5080 habeo
