4917 6509
982 2094 1267 2105 w—

451 2330 481 2394 1.
508 2324 617 2398 (latta
632 2324 835 2399 Alexandri
853 2324 964 2423 Regis
980 2329 1026 2399 de
1043 2326 1273 2401 Fundatione
1287 2329 1458 2415 Abantia,

447 2468 481 2533 2.
508 2461 618 2537 Carta
634 2463 836 2538 Alexandri
853 2463 965 2565 Regia
983 2467 1028 2539 de
1045 2463 1161 2540 insula
1177 2470 1224 2540 de
1241 2468 1407 2553 Loahtei,
1460 2502 1501 2539 .·
1620 2524 1628 2540 .

447 2606 480 2671 3.
507 2599 618 2675 Carta
633 2601 834 2676 Alexandri
851 2602 963 2700 Regia
981 2605 1027 2677 de
1044 2613 1190 2679 nannet
1207 2603 1468 2679 consuetudine
1484 2608 1592 2680 nnius
1608 2611 1719 2693 navia,

446 2743 479 2809 4.
507 2738 617 2812 Carta
632 2738 834 2813 Alexandri
851 2738 964 2837 Regia
981 2742 1027 2814 de
1045 2744 1144 2815 ouria
1155 2744 1333 2829 habenda,
1461 2798 1468 2815 .
1621 2802 1628 2817 .

445 2883 478 2947 5.
505 2874 615 2951 Carta
631 2876 821 2951 Malaolmi
838 2878 949 2975 Regis
966 2880 1233 2953 confirmatoria
1248 2882 1294 2954 de
1310 2882 1533 2968 fundatione,
1619 2938 1627 2953 .

446 3016 478 3087 6.
505 3013 616 3089 Carta
631 3015 822 3090 Maleolmi
839 3015 952 3113 Regia
968 3018 1015 3090 de
1031 3019 1172 3091 decima
1188 3022 1302 3092 totins
1319 3022 1423 3115 panis
1438 3018 1506 3093 &a
1560 3020 1656 3119 θήρ.

446 3132 478 3230 i.
505 3152 616 3226 Carta
632 3152 822 3227 Malaolmi
840 3152 952 3249 Regis
968 3156 1014 3227 da
1031 3155 1171 3229 decima
1187 3158 1371 3253 prebende
1386 3155 1459 3243 sne,
1620 3216 1628 3230 .

445 3296 478 3362 8.
505 3289 616 3363 Carta
633 3291 823 3364 Maleolmi
840 3290 952 3386 Regia
968 3292 1015 3364 de
1031 3292 1147 3365 tribus
1165 3291 1354 3378 Ministris,
1458 3351 1465 3365 .
1618 3352 1626 3366 .

445 3436 477 3505 9.
505 3427 615 3501 Carta
631 3428 821 3502 Maleolmi
839 3428 951 3525 Regis
968 3430 1014 3502 de
1031 3432 1132 3503 enria
1147 3431 1324 3516 habenda,
1459 3487 1467 3502 .
1619 3489 1626 3502 .

422 3574 478 3641 10.
505 3566 615 3641 Carta
631 3568 822 3641 Maleolmi
840 3566 952 3664 Regin
973 3569 1019 3642 de
1035 3570 1176 3642 decima
1189 3568 1417 3654 Venationia,
1619 3628 1626 3641 .

421 3712 476 3777 11.
503 3706 615 3778 Carta
630 3704 821 3779 Malaolmi
840 3703 951 3802 Regis
968 3704 1074 3803 snper
1090 3708 1232 3781 decima
1248 3709 1411 3781 redditus
1427 3710 1613 3793 frumenti,

420 3848 476 3915 12.
503 3843 623 3917 Carta·
639 3841 829 3915 Malaolmi
854 3842 966 3940 Regia
991 3845 1037 3916 de
1065 3846 1205 3918 dnobus
1230 3847 1370 3919 retibus
1394 3845 1501 3942 snper
1524 3846 1588 3921 Tei
1614 3856 1653 3920 et
1678 3873 1750 3921 nno

422 3998 426 4009 ·
503 3978 609 4077 super
625 3979 772 4067 Forath,

421 4126 476 4191 13.
503 4118 615 4199 Carta
629 4117 819 4191 Malaolmi
836 4119 948 4217 Regia
965 4121 1011 4193 de
1028 4122 1157 4217 viginti
1174 4119 1296 4194 solidis
1312 4122 1358 4195 ad
1375 4122 1499 4195 lumen
1517 4119 1676 4207 eaelalie,

419 4262 475 4328 14.
503 4256 614 4330 Carta
630 4256 820 4331 Maleolmi
838 4256 950 4355 Regis
967 4259 1013 4331 de
1029 4258 1124 4332 tofto
1140 4260 1180 4331 in
1196 4258 1376 4343 Irinlidcn
1455 4316 1463 4331 .

419 4400 474 4467 15.
502 4393 613 4468 Carta
630 4392 820 4468 Malaolmi
837 4396 949 4493 Regia
965 4418 1013 4468 ne
1030 4394 1215 4491 quisquam
1233 4419 1382 4470 namnm
1398 4400 1527 4493 capiat,
1616 4454 1624 4469 .

419 4536 474 4607 16.
501 4531 612 4605 Carta
627 4530 818 4605 Maleolmi
836 4531 948 4630 Regis
965 4534 1011 4606 da
1029 4530 1179 4608 enelefia
1195 4536 1242 4608 de
1259 4534 1530 4632 Innergonerin,
1613 4592 1620 4607 .

418 4677 474 4749 17.
501 4668 612 4743 Carta
628 4668 818 4743 Maleolmi
836 4670 948 4769 Regia
964 4672 1010 4744 de
1027 4672 1249 4769 collegendia
1261 4673 1415 4757 auxiliis,

418 4814 474 4880 18.
500 4806 612 4880 Bulla
627 4807 908 4881 confirmationis
924 4806 1126 4883 Alexandri
1143 4833 1237 4906 pape
1253 4812 1354 4884 tertii
1370 4810 1534 4885 Roberto
1551 4810 1701 4895 Abbati,
1825 4822 1847 4886 3
1950 4762 1955 4771 ·

418 4953 473 5022 19.
500 4944 611 5019 Carta
627 4943 809 5017 Willelmi
827 4946 939 5042 Regis
956 4948 1003 5020 de
1019 4948 1114 5019 tofto
1130 4948 1169 5019 in
1188 4947 1296 5032 Seon,
1456 5004 1464 5020 .
1614 5004 1623 5019 .

1620 2356 1811 2426 .p.
