4917 6509
365 842 451 895 aaa.
466 842 577 895 anax.
591 842 631 895 11.
799 820 836 893 S.
862 814 1161 893 TRINITATIS
1187 815 1258 891 DE
1284 816 1430 893 SOON.
1775 826 1823 899 ⁵7

363 1021 544 1095 canonicis
560 1021 696 1093 ibidem
708 1018 789 1091 Deo
806 1017 1047 1093 sentientibus
1061 1027 1100 1090 et
1115 1014 1300 1090 seruitutis
1312 1019 1350 1089 in
1362 1026 1576 1113 perpetuam
1586 1014 1817 1093 elemofiuam

361 1154 473 1229 Saluo
489 1153 639 1229 semioio
657 1156 792 1227 domini
810 1154 922 1250 Regis
939 1176 1003 1249 pro
1019 1152 1136 1229 salute
1152 1156 1273 1231 anime
1285 1177 1367 1229 mee
1383 1164 1517 1231 terram
1533 1156 1633 1231 illam
1644 1158 1692 1230 de
1705 1156 1817 1231 Perth

359 1291 495 1369 scilieet
516 1294 664 1367 hotham
682 1315 791 1387 quam
808 1294 880 1365 emi
898 1292 944 1365 de
960 1292 1099 1365 Thoma
1114 1290 1189 1365 filio
1207 1292 1366 1367 Gilherti
1382 1295 1485 1388 parui
1501 1317 1572 1389 qus
1589 1292 1707 1368 estex
1723 1299 1816 1369 oroi·

347 1424 499 1505 'dentati
515 1440 618 1527 parte
634 1442 730 1504 terre
749 1428 884 1525 Rogeri
902 1428 1065 1503 Furbarii
1082 1432 1121 1503 in
1137 1452 1270 1525 magno
1287 1432 1367 1504 vieo
1380 1455 1426 1504 ex
1443 1432 1642 1526 aquilonari
1658 1443 1760 1528 parte
1777 1445 1817 1507 et

360 1568 618 1641 terminalium
636 1571 673 1641 iu
691 1568 820 1640 eodem
845 1568 924 1639 vieo
942 1589 1012 1660 que
1029 1568 1100 1640 fuit
1125 1566 1277 1641 Roherti
1295 1567 1503 1642 Gurlewald
1519 1593 1627 1663 quam
1643 1571 1753 1643 habui
1770 1573 1815 1645 de

360 1704 436 1777 filio
465 1706 618 1779 Roherti
651 1708 697 1778 de
724 1704 838 1779 Parth
871 1704 972 1777 illam
1005 1702 1143 1779 seilicet
1175 1714 1310 1779 terram
1339 1728 1449 1799 quam
1483 1707 1566 1779 dedi
1598 1708 1644 1781 ad
1671 1708 1812 1782 firmam

360 1828 510 1937 Symoni
538 1842 676 1917 Taillur
725 1839 816 1915 Istas
843 1848 967 1915 autem
994 1851 1108 1916 terras
1136 1842 1246 1915 miehi
1279 1844 1419 1915 retineo
1448 1845 1487 1915 in
1513 1845 1590 1917 vita
1613 1867 1696 1919 mea
1720 1847 1812 1920 daho

358 1990 482 2053 autem
500 1980 687 2053 annuatim
704 1977 785 2052 Deo
803 1991 842 2051 et
859 1979 1028 2074 prediola
1052 1981 1233 2055 oanonieis
1248 1982 1289 2051 in
1313 1977 1403 2053 festo
1420 1976 1540 2053 noae
1558 1981 1733 2055 trinitatis
1749 1980 1814 2057 sex

359 2117 523 2191 denarios
573 2112 658 2189 Post
675 2126 829 2189 mortem
846 2126 969 2189 autem
993 2139 1113 2191 meam
1139 2118 1301 2191 canonici
1324 2117 1481 2211 prefatas
1505 2127 1619 2194 terras
1635 2130 1811 2213 perpetuo

358 2254 515 2327 habeant
532 2262 570 2326 et
587 2248 786 2349 poffideaut
836 2252 888 2327 Et
912 2257 950 2327 iu
974 2254 1081 2349 hujus
1097 2255 1302 2327 donationis
1319 2252 1565 2327 testimouium
1582 2256 1666 2328 huic
1681 2253 1813 2351 scripto

358 2388 513 2488 sigillum
546 2414 669 2465 meum
699 2402 738 2465 et
771 2387 927 2489 sigillum
957 2415 1111 2465 comune
1145 2394 1190 2465 de
1219 2392 1332 2465 Perth
1366 2393 1497 2486 apponi
1529 2392 1601 2465 feei
1666 2392 1812 2466 Terram

359 2533 468 2603 etiam
498 2529 598 2605 illam
628 2554 736 2625 quam
765 2529 908 2605 Alanus
933 2530 979 2603 de
1003 2530 1185 2607 Galwaith
1209 2531 1356 2602 domino
1382 2528 1573 2603 Willelmo
1598 2532 1644 2603 de
1669 2532 1750 2605 Len
1774 2543 1814 2605 et

358 2668 468 2741 miehi
484 2665 655 2743 eoneeffit
672 2672 710 2743 in
727 2669 814 2743 villa
831 2670 876 2741 de
893 2668 1007 2743 Perth
1023 2668 1173 2764 prefatis
1189 2667 1371 2741 eanoniois
1388 2668 1548 2760 quietam
1564 2669 1681 2741 olamo
1729 2668 1813 2743 Hiis

230 2890 235 2899 Ι
358 2804 508 2881 testibus
526 2808 672 2880 domino
685 2807 768 2881 Elia
781 2805 930 2881 Deeano
944 2808 990 2879 de
1003 2805 1117 2880 Perth
1134 2804 1278 2902 Rogare
1292 2805 1337 2877 de
1354 2804 1491 2899 Dunyn
1508 2806 1638 2879 clerieo
1652 2806 1813 2880 Henrieo

358 2943 432 3017 filio
450 2944 605 3018 Galfridi
628 2944 798 3018 Johanne
823 2944 869 3017 de
894 2944 1001 3016 Bello
1024 2943 1193 3019 Johanue
1218 2942 1293 3015 filio
1318 2941 1420 3015 Leue
1446 2939 1600 3016 Olberto
1626 2952 1665 3016 et
1690 2944 1811 3017 Alana

358 3078 566 3155 Rusebarde
584 3082 774 3155 Willelmo
800 3083 845 3154 de
864 3080 998 3153 Dunde
1014 3076 1197 3159 miehmle
1222 3080 1298 3153 lilio
1314 3077 1476 3151 Serlouis
1493 3078 1684 3152 Willelmo
1707 3079 1812 3155 'l'iuo-
1933 3126 1939 3137 ·

321 3214 325 3221 ’
357 3228 437 3291 tore
462 3218 629 3291 Johanue
654 3219 783 3314 Cokyn
803 3219 970 3293 vRoherto
994 3219 1040 3291 de
1058 3217 1171 3292 Parth
1189 3217 1356 3291 Waltoro
1382 3226 1421 3291 et
1443 3217 1606 3307 Roberto
1631 3219 1715 3291 filiis
1739 3217 1811 3291 suis

357 3354 496 3429 Thomu
511 3357 586 3429 filio
603 3356 761 3431 Gilherti
783 3357 892 3429 Parui
909 3365 948 3429 et
965 3355 1091 3429 multis
1112 3355 1201 3429 aliis.

358 3631 467 3705 Carta
483 3632 661 3707 lobannis
677 3632 742 3705 lilii
760 3631 911 3705 Davidis
929 3632 974 3705 de
992 3630 1105 3703 Perth
1123 3631 1170 3702 de
1185 3652 1260 3701 una
1274 3639 1421 3724 paroata
1440 3639 1546 3702 terre.

290 3914 334 3985 90
360 3885 514 3983 Notum
531 3904 577 3980 fit
590 3906 756 3980 omnihus
769 3908 837 3979 hoo
849 3904 1022 4002 seriptum
1035 3902 1160 3977 visuris
1174 3902 1233 3975 vel
1249 3904 1426 3976 audituris
1437 3888 1535 3996 quod
1547 3928 1615 4000 ego
1627 3904 1652 3977 J
1653 3906 1812 3979 ohannes

356 4048 452 4121 filius
469 4045 590 4120 Dauid
619 4046 665 4117 de
695 4044 808 4117 Parth
835 4045 918 4117 dedi
946 4052 986 4117 et
1015 4040 1167 4117 oouoeffi
1184 4054 1223 4117 et
1248 4046 1410 4137 quietam
1435 4044 1587 4117 clamari
1604 4067 1715 4118 unam
1732 4070 1811 4140 par·

357 4196 475 4259 eatam
492 4194 675 4277 terreque
692 4178 745 4255 est
761 4183 866 4253 iuxta
881 4192 1015 4257 terram
1032 4181 1190 4257 Baldrioi
1207 4182 1254 4255 de
1270 4182 1359 4255 Cars
1380 4180 1518 4255 seilicet
1533 4204 1581 4255 ex
1598 4184 1813 4258 occidentali

319 4368 324 4383 ·
357 4334 460 4420 parte
479 4322 559 4396 Deo
585 4330 625 4395 et
649 4316 798 4395 ecclesie
824 4316 944 4393 sanae
970 4320 1144 4393 trinitatis
1161 4319 1207 4392 de
1225 4318 1345 4393 Souna
1360 4327 1399 4391 et
1415 4317 1556 4393 Abbati
1577 4329 1617 4393 et
1633 4324 1813 4397 canonicis

356 4464 491 4537 ibidem
519 4460 599 4533 Deo
627 4456 868 4533 seruientibus
885 4466 923 4531 et
951 4455 1137 4531 seruituris
1158 4480 1223 4553 pro
1247 4479 1321 4531 una
1345 4466 1450 4552 petra
1472 4480 1686 4553 coaequam
1710 4470 1815 4555 pater

355 4624 459 4675 meus
475 4609 514 4677 et
530 4606 649 4673 mater
663 4619 746 4671 msa
758 4597 877 4669 eidem
890 4591 1039 4671 ecolefie
1052 4598 1316 4691 inperpetuum
1331 4590 1562 4669 elemosinam
1578 4597 1624 4670 ad
1636 4597 1814 4669 luminare

356 4738 495 4835 prefate
515 4730 663 4811 eoeleste
680 4734 859 4808 dederunt
908 4732 960 4807 Et
983 4743 1027 4807 ut
1044 4734 1112 4807 hee
1128 4734 1276 4805 donatio
1291 4755 1375 4807 mea
1398 4729 1444 4805 fit
1460 4744 1541 4807 rata
1555 4743 1595 4806 et
1610 4731 1813 4807 inoououffa

355 4880 397 4953 in
411 4876 595 4973 perpetuis
619 4872 841 4969 temporibus
857 4872 927 4945 feei
944 4892 1099 4946 eomune
1115 4866 1273 4967 tigillum
1289 4871 1394 4968 burgi
1410 4869 1522 4944 nostri
1539 4872 1584 4944 de
1602 4871 1713 4944 Pertb
1731 4888 1812 4967 pre·

356 5012 450 5091 souti
473 5012 606 5107 scripto
632 5012 762 5107 apponi
787 5010 993 5085 corumblis
1010 5004 1163 5083 testibus
1180 5008 1341 5083 Hearioo
1362 5008 1439 5082 filio
1464 5009 1617 5083 Galfridi
1635 5012 1812 5085 avunculo

1072 5154 1099 5205 rr
