4917 6509
321 848 495 901 unusne.
511 850 545 899 ν.
733 826 770 899 S.
793 824 1090 899 TRINITATIS
1116 824 1186 897 DE
1213 825 1359 899 scoN.
1695 831 1764 897 905

320 1035 497 1099 aduentus
514 1024 616 1099 eiusd
632 1050 697 1121 per
713 998 776 1098 pre
793 1037 832 1098 et
849 1026 976 1120 lapidis
989 996 990 999 Ἴ
1001 1026 1197 1098 tradicione
1213 1021 1318 1119 super
1334 1025 1487 1096 fundum
1513 1020 1627 1095 coriid
1643 1022 1766 1096 seeun-

321 1166 407 1236 dum
425 1168 498 1236 vim
515 1165 630 1236 sormi
646 1172 685 1235 et
702 1166 915 1237 cdtineciam
932 1162 1041 1235 Certe
1059 1162 1285 1235 fundacionis
1302 1158 1391 1256 Ipsre
1417 1163 1598 1234 canonicis
1619 1160 1768 1255 desuper

321 1304 482 1374 consede
515 1303 552 1373 in
586 1304 701 1373 forma
729 1299 827 1373 Juris
860 1298 964 1372 solita
997 1299 1152 1371 contulit
1182 1312 1220 1371 et
1255 1300 1468 1371 deliberauit
1495 1299 1611 1371 liberir
1646 1308 1767 1370 tamen

322 1444 545 1512 tenemEtum
563 1437 663 1511 hi'noi
689 1441 761 1510 triir
787 1447 1079 1509 tenementomm
1105 1462 1187 1509 curn
1213 1440 1407 1534 ptinenciin
1432 1438 1548 1508 didus
1573 1436 1705 1509 belliu9
1729 1441 1767 1508 in

321 1572 467 1671 fingulis
493 1559 630 1672 Bmisiis
663 1570 961 1671 refignucionibus
987 1584 1025 1646 et
1050 1570 1174 1648 saisrne
1198 1575 1457 1646 tradicionibus
1481 1579 1670 1668 prenointo
1695 1573 1766 1646 dfio

321 1713 478 1787 Johunni
509 1712 689 1784 Henrisoii
716 1737 780 1807 pro
807 1721 886 1784 toto
917 1724 1080 1808 tempore
1107 1714 1182 1783 vite
1213 1710 1275 1783 sue
1305 1710 1519 1784 Reserunuit
1549 1722 1587 1784 et
1617 1713 1662 1782 de
1686 1711 1767 1805 piiti

320 1849 479 1923 referunt
496 1850 614 1945 Super
629 1852 758 1943 quibus
775 1851 915 1922 crnibus
932 1859 971 1921 et
987 1845 1134 1946 singulis
1152 1850 1361 1945 prenoiatns
1374 1848 1442 1921 diis
1453 1848 1479 1921 J
1480 1851 1639 1921 ohannes
1656 1849 1767 1921 Clark

321 1990 417 2082 prior
443 1990 528 2061 diui
545 1984 748 2080 monasterij
767 1987 812 2057 In
838 1992 922 2059 noie
948 1990 1064 2059 tocius
1092 1996 1271 2092 <aduentus
1296 1985 1398 2059 ciniis
1422 1988 1468 2058 de
1493 1988 1596 2059 nobis
1620 1990 1768 2058 notariis

322 2127 474 2220 publicis
496 2123 728 2219 infrascriptis
744 2120 809 2195 srbi
827 2124 902 2196 iieri
927 2128 1039 2218 peciit
1055 2133 1128 2197 vnsr
1154 2125 1215 2198 seu
1240 2125 1345 2222 plura
1368 2125 1515 2219 publicu
1539 2123 1600 2197 seu
1625 2124 1770 2218 publice

322 2260 582 2335 Instrumetum
604 2259 678 2333 fine
704 2258 923 2333 Instrumein
948 2261 1042 2335 Aua
1068 2265 1215 2336 fuerunt
1239 2265 1307 2335 hec
1331 2260 1397 2356 sup
1413 2263 1568 2334 fundum
1593 2263 1769 2335 didorum

322 2404 395 2473 trin
421 2408 712 2474 tenemeniomm
740 2401 827 2472 horn
854 2401 993 2473 decima
1019 2412 1104 2473 ante
1126 2403 1314 2474 meridiem
1341 2401 1400 2471 vei
1425 2370 1579 2472 eoeiroii)
1609 2398 1673 2471 sub
1698 2407 1768 2471 dno

324 2540 382 2611 die
415 2537 510 2611 mese
549 2536 753 2611 indidiione
791 2546 829 2607 et
864 2536 1083 2610 pontificatu
1117 2539 1247 2631 quibus
1280 2536 1385 2633 supra
1418 2535 1650 2609 Presentibus
1684 2536 1768 2608 Ibid

323 2672 491 2772 magistro
519 2673 686 2746 Jobunne
716 2672 838 2773 Irland
868 2676 1000 2746 vicario
1029 2676 1074 2747 de
1104 2675 1234 2747 Pertht
1263 2674 1411 2748 Andrea
1436 2672 1603 2767 BIynscie
1630 2674 1768 2768 hungeri

323 2816 406 2885 didci
434 2815 537 2908 burgi
565 2810 637 2883 diio
664 2811 830 2884 Johunne
861 2812 974 2907 Ohaip
1002 2812 1185 2908 capellano
1213 2813 1390 2885 Duncnno
1418 2811 1574 2885 Oamrofi
1602 2810 1769 2884 Johunne

323 2924 394 3023 diff
415 2950 553 3023 Thomu
578 2948 667 3022 scot
697 2960 734 3021 et
767 2949 905 3023 Jacobo
940 2947 1090 3023 Wallesi
1113 2947 1264 3023 testibus
1289 2951 1334 3023 ad
1359 2945 1522 3045 premissa
1545 2955 1672 3031 vocate
1696 2959 1768 3042 utq3

323 3084 526 3182 reqnifitis·

455 3226 505 3297 Er
531 3246 596 3319 ego
616 3223 767 3296 Wilifiie
792 3222 927 3319 ramsey
952 3226 1020 3320 pbr
1046 3222 1221 3298 Dunkeld
1249 3228 1343 3299 dioc*
1368 3222 1465 3297 sacra
1489 3226 1616 3296 aubid‘
1631 3222 1761 3317 ‚replica
1837 3276 1842 3287 .

456 3362 615 3433 notarius
632 3360 775 3455 public?
793 3360 888 3447 Quia
912 3361 1063 3455 premissi
1079 3365 1220 3436 or'r'ribus
1237 3374 1276 3435 et
1292 3359 1439 3459 singuiis
1456 3365 1541 3434 dum
1559 3358 1608 3435 fic
1633 3374 1674 3435 vt
1691 3388 1769 3457 pre·

453 3484 592 3571 nstitnr
616 3480 773 3597 uffentur
798 3472 965 3571 uidentur
997 3511 1035 3571 et
1068 3501 1197 3573 fierent
1231 3524 1302 3573 vna
1331 3524 1414 3572 cum
1443 3507 1586 3595 prendi³
1618 3497 1770 3573 testibus

454 3646 492 3708 et
518 3636 672 3708 Notario
697 3636 755 3707 hie
780 3632 974 3729 subscripto
1000 3635 1067 3730 piis
1093 3638 1242 3709 interfui
1268 3638 1356 3733 Enq,
1380 3641 1476 3711 offiia
1501 3649 1540 3709 et
1568 3634 1705 3734 finguia
1722 3634 1769 3708 sic

453 3776 529 3846 fieri
555 3784 593 3845 et
619 3774 688 3845 dici
705 3774 778 3844 vidi
797 3772 881 3845 sciui
908 3785 946 3846 et
971 3776 1092 3847 audiui
1117 3799 1159 3846 ec
1184 3777 1222 3845 in
1248 3786 1373 3847 notam
1398 3773 1525 3869 sumpsr
1553 3772 1676 3869 Ideoq,
1700 3777 1768 3846 boc

365 3952 368 3957 ·
454 3910 521 4004 piis
539 3910 722 4004 publicum
741 3908 866 3982 instim
891 3932 1000 3984 manu
1026 3911 1144 3983 alienu
1167 3911 1323 3984 fideliter
1340 3910 1510 4007 scripturn
1536 3913 1668 3983 exinde
1685 3935 1769 3983 con·

454 4050 523 4119 feci
541 4058 579 4119 et
596 4050 634 4118 iu
650 4048 743 4120 hunc
759 4047 940 4141 publicum
965 4051 1116 4121 formam
1133 4049 1255 4144 redegi
1281 4049 1427 4144 Signoq,
1452 4051 1596 4120 nomine
1617 4054 1768 4144 cognoie

455 4196 493 4257 et
516 4182 772 4278 subscriptione
789 4187 878 4257 meis
894 4182 996 4264 soiiti’
1013 4196 1050 4257 et
1066 4184 1193 4284 psuets
1209 4185 1358 4281 Signnui
1375 4188 1413 4258 in
1430 4187 1538 4258 fidem
1556 4196 1594 4257 et
1610 4182 1769 4258 testimo·

456 4324 518 4393 niir
538 4324 689 4403 veritati
706 4327 780 4393 oinr
796 4333 834 4393 et
851 4317 1068 4415 singulorum
1085 4323 1347 4397 antedictorum
1366 4322 1507 4420 Regni?
1523 4336 1561 4395 et
1578 4319 1717 4416 req¹iit9
1735 4366 1741 4380 ·

692 4458 753 4529 W.
773 4455 950 4551 Remsny·
