4917 6509
671 838 715 903 12
1182 834 1340 906 LIBER
1365 832 1613 908 ECCLESIE
1932 852 2029 904 suc.
2049 850 2119 901 xn.

668 1030 870 1124 plenarium
887 1035 925 1103 in
942 1033 1056 1129 burgo
1075 1035 1120 1105 de
1138 1031 1309 1106 Linlidou
1346 1033 1559 1106 Tenendum
1577 1037 1614 1107 in
1629 1034 1780 1107 liberam
1794 1044 1833 1105 et
1849 1042 2122 1128 permanentem

669 1165 899 1241 elemosinam
934 1181 972 1243 et
1006 1174 1059 1245 ita
1087 1171 1200 1243 libere
1231 1181 1269 1243 et
1299 1173 1422 1263 quiete
1455 1168 1548 1245 fiout
1575 1172 1721 1265 aliquod
1751 1172 1897 1244 todbum
1926 1174 1966 1243 in
1994 1170 2123 1243 eodem

671 1308 784 1403 burgo
810 1298 858 1378 in
874 1306 1103 1383 elemosinam
1130 1310 1256 1381 datum
1278 1309 1427 1381 liberius
1450 1320 1488 1381 et
1510 1311 1668 1403 quietius
1697 1319 1845 1382 tenetur
1869 1318 1908 1381 et
1928 1304 2124 1404 poffidetur

668 1438 835 1517 ¹Testibus
867 1446 1062 1543 Engelram
1092 1447 1308 1521 cancellario
1339 1446 1507 1520 Walters
1538 1448 1698 1542 dapifero
1726 1446 1810 1520 Nic„
1838 1445 1950 1521 const.
2011 1448 2123 1542 Apud

676 1582 899 1679 Edinburgh.

673 1860 782 1933 Carta
796 1862 984 1935 Maicolmi
1002 1863 1114 1959 Regis
1132 1887 1178 1936 ne
1196 1860 1381 1957 quisquam
1398 1887 1546 1936 namum
1564 1867 1693 1958 capiat.

603 2098 662 2215 15⁴
675 2115 912 2211 Maloolmus
932 2137 1015 2211 Rex
1034 2138 1244 2213 Scottorum
1261 2140 1430 2212 omnibus
1446 2141 1568 2234 probis
1589 2141 1795 2213 hominibus
1819 2143 1934 2212 totius
1951 2151 2046 2214 terre
2063 2141 2126 2213 sue

672 2276 826 2350 salutem
851 2279 1022 2371 prohibeo
1043 2278 1194 2351 firmiter
1218 2302 1265 2351 ne
1292 2277 1477 2373 quisquam
1499 2276 1604 2373 super
1628 2288 1761 2350 terram
1786 2279 1926 2351 abbatis
1954 2279 2001 2352 de
2029 2278 2126 2352 Soon

651 2439 820 2486 ‘namum
838 2417 956 2510 capiat
973 2439 1038 2510 pro
1058 2416 1210 2488 alieuius
1235 2418 1358 2490 debito
1384 2439 1503 2509 neque
1527 2439 1591 2510 pro
1617 2416 1740 2488 debito
1764 2412 1873 2509 ipsrus
1897 2417 2038 2489 abbatis
2062 2428 2127 2490 aut

673 2554 824 2625 alieuius
834 2555 1020 2625 bominum
1031 2552 1176 2625 suorum
1186 2577 1255 2627 neo
1265 2578 1330 2649 pro
1340 2551 1449 2650 ipsius
1462 2555 1602 2628 abbatis
1615 2562 1679 2627 aut
1692 2554 1814 2647 aliquo
1826 2554 1970 2626 suorum
1984 2556 2127 2628 defeuu

673 2687 739 2762 nifi
757 2692 867 2763 abbas
885 2688 959 2785 ipse
976 2701 1040 2763 aut
1058 2694 1136 2763 eius
1159 2692 1266 2763 homo
1291 2695 1330 2763 in
1356 2694 1456 2765 ouria
1471 2688 1580 2786 ipfius
1596 2693 1737 2766 abbatis
1753 2692 2012 2787 calumpnianti
2029 2696 2128 2789 prius

676 2830 851 2900 defecerit
874 2830 919 2900 de
937 2830 1032 2900 redo
1054 2826 1160 2923 super
1175 2852 1294 2901 meam
1310 2830 1508 2924 plenariam
1525 2829 1782 2903 ioriffatturam
1831 2826 1997 2904 Testibus
2014 2831 2128 2904 Nich·

677 2968 758 3039 olao
776 2967 989 3040 cancellario
1008 2966 1129 3039 Dauid
1146 2964 1287 3040 Olifard
1306 2967 1497 3039 Willelmo
1514 2968 1560 3039 de
1578 2966 1686 3061 Haya
1735 2966 1845 3062 Apud
1863 2968 2084 3042 Jeddburob.

675 3244 786 3317 Carta
803 3243 992 3316 Maieolmi
1011 3244 1122 3339 Regis
1140 3245 1185 3316 de
1203 3241 1351 3317 eoolefia
1368 3245 1414 3316 de
1431 3243 1703 3339 Inuergouerin.

607 3490 656 3605 16J
675 3497 911 3592 Maloolmus
929 3518 1011 3591 Rex
1029 3516 1239 3589 Scottorum
1257 3519 1424 3590 omnibus
1440 3519 1561 3612 probis
1578 3518 1785 3590 homiuibus
1807 3524 1921 3593 totius
1946 3530 2043 3594 terre
2066 3523 2130 3597 sue

675 3657 829 3730 salutem
876 3654 1012 3726 Sciatis
1038 3678 1097 3725 me
1122 3649 1323 3725 oonceffiffe
1348 3657 1480 3728 ethan
1504 3667 1605 3728 carta
1629 3678 1712 3728 mea
1740 3656 1960 3731 confirmasse
1985 3658 2066 3732 Deo
2091 3672 2130 3733 et

676 3789 824 3867 ecclesie
850 3790 982 3864 sanate
1006 3791 1193 3863 Trinitatis
1211 3792 1256 3861 de
1283 3788 1379 3863 Soon
1407 3801 1446 3863 et
1470 3792 1592 3865 abbati
1619 3802 1657 3865 et
1682 3796 1863 3866 canonicis
1888 3797 2022 3869 ibidem
2049 3798 2130 3871 Deo

676 3926 917 4005 seruientibus
934 3926 1120 4003 eeclesiam
1138 3930 1183 4001 de
1200 3928 1464 4025 Inuergoueriu
1481 3954 1565 4003 eum
1582 3932 1732 4004 dimidia
1747 3944 1915 4006 carucata
1939 3946 2036 4009 terre
2061 3962 2131 4031 que

671 4072 772 4163 jacet
788 4072 826 4140 in
845 4066 1060 4140 occidentali
1077 4076 1180 4161 parte
1197 4062 1346 4139 eoeleste
1363 4070 1614 4160 prenominato
1634 4072 1781 4141 nomine
1807 4070 1974 4167 Dargooh
1991 4085 2031 4146 et
2047 4100 2131 4148 oum

678 4209 843 4280 omnibus
868 4206 1098 4301 pertinentiis
1123 4206 1168 4278 ad
1194 4206 1347 4277 eandem
1372 4201 1558 4278 ecolefiam
1575 4206 1632 4278 vel
1650 4218 1783 4279 terram
1800 4212 2067 4303 pertinentibus
2093 4216 2132 4284 in

679 4346 829 4418 liberam
864 4339 1086 4415 elimosinam
1141 4342 1262 4427 Quare
1292 4342 1443 4415 firmiter
1470 4344 1615 4417 inhibeo
1643 4368 1690 4416 ne
1719 4348 1799 4438 quis
1818 4344 1913 4419 'inde
1940 4352 2131 4443 quicquam

679 4478 810 4553 iniuste
827 4482 967 4554 auferre
984 4480 1042 4553 vel
1065 4480 1265 4553 diminuere
1281 4478 1463 4574 presumat
1512 4478 1678 4553 Testibus
1701 4480 1896 4578 Engelram
1919 4486 2132 4559 cancellario

680 4619 846 4692 Waltero
864 4617 938 4689 iilio
956 4617 1066 4689 Alani
1084 4618 1243 4711 dapifero
1294 4617 1405 4712 Apud
1423 4617 1630 4691 Striueline.
