4917 6509
697 875 766 939 144
1193 864 1349 935 LIBER
1375 864 1620 937 ECCLESIE
1967 886 2042 937 suc.
2059 887 2139 937 xiv.

694 1068 796 1137 nobis
813 1066 882 1136 fuit
908 1064 1093 1135 humiliter
1116 1060 1353 1157 supplicatum
1379 1072 1421 1134 ut
1446 1058 1618 1156 premissis
1635 1066 1801 1135 omnibus
1819 1088 1882 1158 per
1898 1063 2034 1135 dissum
2052 1062 2140 1158 epis-

695 1226 823 1297 copum
844 1210 885 1273 ut
911 1202 1132 1295 premittitur
1150 1202 1277 1273 fanins
1294 1200 1419 1271 Robur
1444 1201 1724 1273 confirmationis
1740 1203 1882 1274 adicere
1900 1225 1984 1274 cunr
2001 1200 2140 1295 supple·

696 1342 796 1412 tione
822 1340 1028 1412 defetbuum
1042 1360 1054 1411 s
1070 1333 1097 1408 fi
1115 1341 1176 1431 qui
1201 1340 1240 1409 in
1266 1342 1317 1410 eis
1342 1340 1602 1411 intervenerint
1627 1341 1673 1411 de
1699 1340 1923 1436 benignitate
1948 1338 2141 1435 apostolica

695 1480 923 1574 dignaremur
944 1497 956 1548 r
974 1475 1053 1547 Nos
1079 1477 1189 1569 igitur
1214 1471 1496 1547 consideratione
1522 1478 1632 1549 etiam
1658 1474 1821 1549 carissimi
1846 1481 1884 1549 in
1910 1475 2051 1556 Christo
2076 1479 2138 1573 filij

696 1614 807 1687 nostri
834 1614 985 1686 Roberti
1012 1613 1122 1707 Regis
1148 1612 1272 1684 Scotie
1297 1608 1441 1683 illustris
1464 1614 1580 1705 quiin
1605 1611 1680 1707 ipso
1707 1612 1927 1687 Monasterio
1953 1616 1999 1687 de
2024 1615 2143 1689 Scurra

696 1756 817 1845 inquo
831 1746 1086 1845 predecessores
1100 1746 1152 1820 sui
1167 1749 1286 1843 Reges
1299 1748 1422 1819 Scotic
1435 1752 1594 1821 coronari
1606 1750 1891 1824 consueveruntr
1904 1755 2030 1825 extitit
2043 1778 2143 1826 coro-

696 1901 804 1964 natus
822 1891 924 1961 nobis
940 1886 1045 1983 super
1069 1888 1137 1959 hoc
1160 1886 1344 1959 humiliter
1367 1885 1600 1981 supplicantis
1615 1886 1817 1982 hujusmodi
1835 1890 1945 1984 Regis
1962 1890 2020 1962 Ac
2033 1892 2143 1963 dico-

696 2053 776 2101 rum
794 2028 949 2099 Abbatis
975 2035 1013 2097 et
1038 2034 1237 2097 conventus
1262 2025 1299 2094 in
1316 2026 1383 2096 hac
1409 2040 1510 2117 parte
1535 2024 1853 2117 supplicationibus
1878 2028 2041 2099 inclinati
2058 2052 2142 2099 con-

698 2162 886 2239 cessroncm
914 2164 1152 2235 annexioncm
1178 2172 1216 2233 et
1241 2163 1412 2232 unionem
1436 2161 1611 2253 predictas
1636 2172 1732 2234 ratas
1761 2162 1938 2235 habentes
1961 2174 2000 2235 et
2023 2178 2144 2259 gratas

697 2304 776 2375 illas
801 2304 1012 2374 austoritate
1038 2298 1232 2393 apostolica
1256 2322 1302 2370 ex
1328 2309 1425 2370 certa
1450 2293 1598 2371 scicntia
1623 2308 1748 2371 tenore
1772 2298 1991 2394 presentium
2017 2304 2143 2374 consit-

697 2430 836 2512 mamus
858 2449 895 2510 ct
914 2436 1086 2532 presentis
1112 2434 1231 2531 scripti
1256 2437 1453 2530 patrocinio
1479 2438 1743 2508 commuuimus
1768 2435 1974 2532 supplentes
1998 2462 2142 2511 omnem

698 2580 878 2650 defessum
897 2573 923 2646 fi
941 2578 1020 2669 quis
1037 2574 1152 2646 forsan
1171 2577 1407 2646 intervenerit
1423 2576 1461 2644 in
1478 2570 1611 2645 eisdem
1650 2574 1830 2647 Volumus
1854 2585 1978 2648 autem
2003 2574 2142 2670 quodsi

699 2740 856 2809 congrua
870 2716 987 2807 portio
1000 2736 1064 2807 pro
1081 2722 1256 2806 perpetuo
1271 2713 1401 2783 vicario
1413 2712 1451 2781 in
1469 2712 1563 2783 diua
1580 2708 1728 2784 ecclesia
1744 2714 1789 2785 de
1807 2713 1905 2786 blare
1922 2712 2087 2786 instituto
2104 2725 2143 2787 et

698 2856 844 2925 inantea
866 2848 1085 2922 instituendo
1112 2844 1284 2944 assignata
1308 2871 1380 2918 non
1406 2845 1459 2920 cst
1483 2844 1702 2943 assignetur!
1720 2874 1767 2922 ex
1793 2876 1864 2945 qun
1879 2853 1974 2924 idem
1994 2857 2143 2926 vicarius

698 2986 803 3085 possit
829 3014 985 3085 congrue
1010 2985 1196 3059 sustentari
1224 2983 1446 3079 Epis'copalia
1464 2995 1501 3057 et
1521 2986 1817 3061 archidiaconalia
1837 2991 1921 3083 jura
1944 2988 2143 3085 persolvere

698 3140 737 3200 et
753 3129 823 3201 clia
836 3130 868 3199 ei
882 3127 1129 3200 incumbentia
1145 3146 1254 3195 onera
1269 3122 1475 3218 supportare
1493 3132 1597 3197 tenor
1613 3135 1736 3198 autem
1750 3129 1923 3201 discamm
1941 3131 2143 3203 litterarum

698 3268 780 3340 talis
806 3264 859 3338 cst
885 3288 897 3337 r
928 3262 1119 3359 [utsupra
1149 3258 1236 3354 176]
1269 3260 1375 3333 Nulli
1405 3286 1490 3355 ergo
1517 3265 1663 3335 omnino
1693 3265 1881 3337 hominum
1910 3268 2019 3342 liccat
2052 3271 2143 3342 hauc

699 3406 865 3498 paginam
883 3397 1001 3471 nostre
1018 3399 1296 3471 confirmationis
1313 3394 1545 3490 suppletionis
1559 3409 1597 3470 et
1615 3401 1811 3475 voluntatis
1828 3405 2022 3499 infringere
2035 3409 2092 3479 rel
2110 3411 2143 3479 ei

700 3539 787 3611 ausu
804 3539 993 3611 temerario
1011 3536 1187 3607 contraire
1239 3534 1375 3625 Siquis
1400 3544 1523 3607 autern
1554 3536 1622 3607 hoc
1647 3547 1865 3633 attemptare
1893 3540 2144 3636 presumpserit

701 3677 991 3772 Indignationem
1005 3672 1262 3765 omnipotentis
1273 3668 1343 3741 Dei
1357 3679 1395 3741 ct
1407 3672 1594 3743 beatorum
1609 3674 1709 3745 Petri
1722 3686 1760 3747 et
1772 3673 1876 3747 Pauli
1889 3676 2144 3771 Apostolorum

701 3818 777 3910 ejus
795 3812 830 3885 so
847 3780 987 3884 noverit
1000 3808 1222 3882 incursurum
1249 3808 1387 3881 Datum
1401 3808 1564 3882 Aniniori
1581 3833 1631 3882 κ(
1647 3810 1689 3883 kl
1705 3812 1873 3885 februarii
1886 3834 1900 3885 r
1915 3816 2146 3908 pontificatus

635 4026 638 4035 ,
702 3950 810 4025 nostri
827 3974 921 4023 anno
938 3950 1046 4021 tertio
1061 3960 1118 4021 tc.

676 4280 679 4285 .
705 4220 914 4319 Rcfiguacio
931 4224 976 4296 do
994 4218 1300 4314 Cambusmychel.

439 4590 448 4611 ἱ
501 4572 509 4604 7
596 4496 672 4565 186.
707 4478 850 4573 Patent
868 4468 1000 4569 vnissir
1016 4520 1042 4588 p
1059 4478 1201 4591 Brontes
1218 4518 1275 4570 roe
1290 4497 1476 4569 oariotam
1489 4495 1534 4566 dc
1547 4494 1777 4591 Butbirgaslr
1798 4498 1924 4573 relicta
1940 4504 2048 4593 q⁶ndai
2065 4500 2146 4572 Ade

447 4612 449 4624 Ι
474 4609 479 4632 i
704 4645 749 4715 de
767 4631 979 4731 Botbirgask
996 4629 1113 4705 fecisse
1127 4653 1140 4705 r
1156 4629 1373 4706 constituisse
1384 4645 1410 4703 ‘t
1421 4656 1447 4724 p
1459 4615 1603 4727 {ssentes
1616 4630 1762 4706 ordiasse
1780 4636 1891 4707 dilcos
1909 4661 2007 4710 meos
2025 4641 2147 4710 thomis

704 4782 749 4852 de
767 4776 969 4867 Walchope
999 4771 1123 4842 subvib
1153 4771 1197 4843 de
1226 4770 1336 4842 Perth
1364 4783 1390 4840 ”t
1416 4768 1549 4840 Willm
1578 4771 1624 4842 de
1650 4772 1887 4864 qwhithosum
1914 4776 2073 4870 burgenu
2101 4779 2146 4849 de

705 4916 816 4988 Perth
833 4933 931 4983 meos
953 4916 1160 5000 pcuratores
1185 4876 1386 4979 actornatos
1410 4919 1436 4977 *t
1461 4910 1575 4980 nuens
1600 4904 1720 5002 spales
1744 4922 1771 4980 t
1795 4934 1865 4999 eon
1888 4914 2087 5005 quemlibet
2110 4918 2147 4987 in

649 5138 651 5143 ι
703 5052 817 5159 solidis
835 5030 880 5121 a'd
897 5042 1082 5140 resiguridr'r
1099 5068 1187 5137 pure
1203 5057 1228 5115 t
1246 5040 1409 5138 simplrp
1426 5042 1558 5115 lustum
1576 5058 1601 5115 t
1618 5047 1737 5119 baclm
1762 5072 1804 5120 ac
1829 5073 1854 5140 p
1879 5050 1941 5120 has
1967 5074 2063 5122 meas
2088 5076 2149 5145 pa-
