4917 6509
327 854 413 905 neo.
434 851 552 903 nsum
571 850 613 901 11.
733 829 770 902 S.
797 826 1102 901 TRINITATIS
1129 824 1198 897 DE
1226 825 1379 899 SCON.-
1630 892 1638 906 ,
1715 833 1786 902 199

328 1031 453 1102 ventui
483 1026 688 1122 monasterij
716 1027 762 1100 de
792 1027 913 1100 Scona
942 1027 1075 1099 ordinis
1106 1022 1214 1097 sensti
1244 1022 1441 1119 Augcrstini
1468 1020 1617 1096 diocesis
1647 1024 1785 1096 Sentii-

328 1168 460 1241 andree
487 1168 526 1237 in
552 1166 680 1239 Scocia
705 1162 857 1237 salutem
884 1171 923 1236 et
947 1161 1177 1257 apostolicam
1204 1163 1493 1234 benedittionem
1519 1159 1614 1233 Cum
1638 1186 1661 1233 a
1683 1162 1786 1233 nobis

326 1306 465 1397 petitur
491 1303 587 1397 quod
614 1299 747 1373 iustum
777 1296 831 1372 est
853 1310 891 1372 et
917 1295 1106 1371 honestum
1137 1307 1211 1371 tum
1236 1300 1338 1393 vigor
1364 1301 1536 1392 equitatis
1560 1321 1669 1391 quam
1699 1299 1786 1369 ordo

329 1441 445 1537 exigit
462 1441 611 1513 rationis
636 1448 680 1511 ut
705 1438 743 1510 id
770 1460 835 1533 per
858 1436 1123 1510 solicitudinem
1151 1435 1257 1530 offioij
1276 1432 1386 1506 nostri
1403 1436 1449 1508 ad
1467 1436 1632 1508 debitum
1657 1437 1787 1531 perdu-

329 1587 433 1651 catur
454 1576 620 1649 effessum
640 1574 737 1647 Sane
758 1575 887 1668 petitio
915 1596 979 1667 pro
1000 1583 1102 1667 parte
1119 1571 1236 1645 vestra
1262 1573 1365 1644 nobis
1389 1572 1553 1645 exhibita
1575 1574 1785 1646 continebat

331 1713 438 1800 Quod
459 1711 546 1783 olim
570 1711 665 1785 clare
687 1712 861 1783 memorie
885 1708 1067 1782 Robertus
1086 1710 1167 1781 Rex
1188 1707 1384 1781 scottorum
1413 1711 1452 1779 in
1478 1710 1652 1783 honorem
1680 1712 1787 1784 beate

330 1854 442 1925 marie
458 1851 605 1947 virginis
623 1858 662 1921 et
682 1849 781 1923 beati
805 1848 991 1921 michaelis
1018 1845 1221 1941 archangeli
1247 1857 1285 1917 et
1311 1870 1375 1939 pro
1392 1844 1455 1919 sua
1472 1855 1510 1918 et
1526 1845 1787 1921 antecessorum

329 1990 473 2063 suorum
502 1992 703 2063 animarum
736 1988 851 2061 salute
885 1988 1005 2061 locum
1040 1988 1277 2081 thaynagium
1311 1994 1562 2077 nuncupatum
1592 1987 1638 2058 de
1669 1985 1789 2058 Soona

332 2124 480 2202 diocefis
499 2127 756 2199 Sandiandree
773 2128 811 2198 in
828 2124 957 2197 Scooia
973 2148 1056 2197 cum
1073 2125 1240 2196 omnibus
1251 2124 1396 2217 juribus
1413 2129 1452 2192 et
1468 2124 1699 2215 pertinentiis
1716 2122 1789 2196 suis

332 2267 433 2339 vobis
462 2273 500 2338 et
530 2265 625 2336 dieo
650 2259 767 2335 vestro
793 2259 1007 2335 monasterio
1032 2262 1070 2332 in
1097 2283 1225 2354 puram
1251 2269 1289 2331 et
1318 2265 1530 2351 perpetuam
1557 2257 1788 2333 elemosinam

331 2399 500 2477 conceffit
518 2410 557 2473 et
573 2402 721 2474 donavit
739 2400 789 2471 Et
807 2400 938 2472 deinde
964 2394 1159 2471 carissimus
1184 2398 1223 2472 iu
1249 2394 1380 2469 christo
1407 2396 1503 2466 filius
1529 2393 1650 2469 noster
1667 2396 1788 2469 Dauid

326 2553 408 2625 Rex
434 2553 644 2626 Scottorum
663 2550 817 2623 Illustris
840 2552 958 2623 eidem
976 2548 1128 2621 Roberti
1144 2547 1241 2618 filius
1266 2554 1305 2618 et
1330 2542 1502 2617 successor
1525 2542 1787 2619 concessionem

327 2699 365 2762 et
383 2690 616 2763 donationem
633 2685 836 2781 hujusmodi
863 2684 997 2759 eisdem
1022 2685 1223 2757 rationibus
1244 2682 1459 2777 approbavit
1475 2692 1513 2755 et
1530 2686 1642 2755 etiem
1660 2684 1789 2788 confir·

326 2829 439 2899 mavit
464 2835 573 2920 prout
590 2827 628 2896 in
645 2820 752 2919 ipsius
770 2824 889 2898 David
908 2824 1018 2919 Regis
1040 2822 1251 2916 patentibus
1268 2821 1400 2893 litteris
1417 2821 1503 2892 inde
1520 2822 1693 2892 confodis
1710 2824 1787 2916 ejus

327 2960 441 3059 sigillo
466 2966 618 3036 munitis
640 2986 793 3057 quarum
818 2974 982 3034 tenorem
1000 2963 1046 3034 de
1062 2962 1173 3034 verbo
1190 2962 1236 3034 ad
1255 2962 1406 3034 verbum
1430 2958 1656 3055 presentibus
1680 2960 1787 3034 inseri

327 3104 478 3175 fecimus
495 3104 637 3199 plenius
655 3103 889 3174 continentur
906 3100 1028 3185 Quare
1045 3122 1109 3194 pro
1126 3108 1231 3193 parte
1248 3097 1366 3171 vestra
1384 3100 1455 3170 init
1472 3098 1575 3169 nobis
1600 3098 1788 3171 humiliter

325 3238 566 3334 supplicatum
583 3248 626 3311 ut
643 3233 856 3311 conceffioni
882 3238 1068 3309 donationi
1093 3237 1345 3330 approbationi
1362 3245 1402 3308 et
1419 3235 1682 3308 confirmationi
1707 3259 1787 3331 pre·

327 3378 430 3449 distis
447 3374 640 3470 apostolice
657 3375 838 3447 firmitatis
856 3374 983 3447 Robur
999 3374 1140 3445 adicere
1166 3374 1398 3467 dignaremur
1423 3372 1503 3444 Nos
1528 3374 1652 3467 itaque
1668 3372 1788 3468 hujus-

326 3516 424 3587 modi
441 3512 566 3587 vestris
584 3515 621 3585 in
639 3513 707 3585 hac
731 3520 834 3606 parte
858 3508 1177 3605 supplicationibus
1202 3510 1367 3582 inclinati
1390 3506 1651 3583 concessionem
1676 3512 1787 3585 dona-

327 3654 464 3724 tionem
491 3651 787 3745 approbationem
813 3656 852 3720 et
877 3648 1187 3720 confirmationem
1217 3648 1396 3741 predidtas
1421 3654 1518 3719 ratas
1545 3647 1723 3720 habentes
1748 3658 1787 3721 et

328 3799 448 3885 gratas
472 3788 554 3860 illas
579 3788 793 3860 aufiofitate
818 3782 1011 3879 apostolica
1028 3806 1075 3856 ex
1092 3792 1190 3855 certa
1207 3781 1359 3855 scientia
1381 3782 1635 3856 confirmamus
1652 3792 1691 3857 et
1706 3808 1787 3879 pre·

327 3925 438 3999 sentia
453 3921 575 4019 scripti
593 3924 792 4019 patrocinio
810 3923 1075 3995 communimus
1091 3918 1210 3991 Tenor
1228 3928 1354 3991 autem
1380 3919 1554 3991 dearum
1582 3920 1786 3993 litterarum

328 4064 411 4137 talis
424 4060 476 4135 est
491 4102 500 4123 ·
514 4061 635 4134 Dauid
648 4062 707 4134 dei
719 4062 837 4157 gretia
851 4060 926 4155 [dyc.
940 4066 978 4131 ut
990 4058 1028 4129 iu
1040 4054 1108 4129 No.
1124 4053 1201 4148 81,]
1218 4055 1326 4127 Nulli
1340 4078 1426 4151 ergo
1439 4058 1587 4127 omnino
1597 4056 1785 4128 hominum

328 4201 435 4275 liceat
459 4202 551 4273 huno
573 4201 741 4295 peginam
764 4194 884 4269 nostre
906 4194 1185 4268 confirmationis
1210 4194 1406 4287 infringere
1432 4194 1490 4265 vel
1507 4194 1542 4265 ei
1559 4190 1646 4264 ausu
1672 4201 1785 4265 terne-

327 4342 421 4412 rario
434 4338 612 4412 contraire
626 4336 666 4409 Si
680 4338 759 4428 quis
771 4344 895 4407 autem
907 4334 977 4406 hoo
990 4340 1210 4427 attemptare
1222 4327 1475 4423 presumpserit
1489 4328 1783 4425 Indignationem

328 4475 588 4569 omnipotentis
605 4473 664 4544 dei
681 4481 720 4544 et
736 4472 926 4543 beatorum
943 4472 1038 4564 petri
1055 4477 1094 4541 et
1116 4468 1214 4563 pauli
1232 4465 1474 4561 apostolorum
1491 4468 1570 4561 ejus
1586 4463 1623 4538 se
1642 4469 1784 4539 noverit

329 4610 552 4685 incursurum
571 4606 710 4681 Datum
722 4608 817 4702 apud
830 4607 970 4681 Villam
983 4628 1115 4678 novam
1128 4603 1291 4709 Aninion
1303 4600 1452 4681 diocesis
1465 4613 1594 4703 quarto
1611 4604 1784 4683 luendas

329 4746 554 4843 Septembris
571 4744 811 4818 Pontificatus
828 4738 938 4815 nostri
955 4741 1067 4816 Anno
1083 4743 1199 4839 primo
1217 4782 1225 4799 ·

1045 5038 1070 5089 R
