4917 6509
301 856 387 947 aaa
408 856 493 907 wa.
714 788 751 905 a.
777 830 1075 905 rarnrmms
1101 832 1171 905 na
1197 830 1344 905 seon.
1711 842 1758 915 ar

300 1044 338 1107 et
357 1032 645 1107 Cambusmicbel
664 1042 702 1105 et
720 1032 845 1129 Cragis
870 1042 966 1105 terre
983 1030 1247 1106 canonicorum
1273 1034 1318 1104 de
1345 1030 1465 1105 Scona
1488 1033 1557 1105 hoc
1581 1032 1654 1106 fine
1679 1057 1758 1127 per-

300 1172 498 1267 petualiter
514 1174 653 1264 quieuit
669 1168 807 1244 scilicet
824 1172 920 1263 quod
937 1172 1103 1261 monachi
1122 1172 1167 1244 de
1180 1170 1301 1265 Cupra
1315 1172 1495 1245 tenebunt
1508 1181 1640 1245 terram
1657 1170 1757 1245 suam

302 1312 347 1381 de
373 1308 503 1404 Camsy
519 1333 584 1404 per
606 1307 748 1381 eosdem
774 1307 910 1380 limites
935 1331 999 1401 per
1024 1331 1122 1401 quos·
1139 1319 1177 1381 et
1202 1306 1295 1381 srcut
1321 1310 1611 1403 perambulatum
1637 1334 1759 1404 apre-

302 1448 405 1520 dittis
421 1448 605 1520 monachis
624 1458 662 1519 et
678 1447 860 1519 canonicis
877 1446 915 1516 in
932 1444 1113 1540 presentia
1129 1448 1266 1519 domini
1284 1445 1453 1543 Hugonis
1470 1442 1637 1541 Episcopi
1655 1447 1758 1519 Dun-

300 1580 479 1659 keldensrs
497 1593 535 1658 et
551 1585 703 1658 aliorum
729 1583 926 1655 multorum
953 1584 1145 1677 proborum
1163 1586 1321 1656 virorum
1347 1584 1559 1679 Incipiendo
1583 1582 1759 1658 sciliceta

301 1722 450 1796 flumine
467 1725 513 1797 de
529 1720 605 1818 Tay
621 1746 686 1817 per
698 1724 846 1795 dudum
863 1724 970 1795 aratri
990 1730 1028 1794 et
1045 1744 1189 1794 acervos
1207 1722 1367 1816 lapidum
1386 1734 1424 1795 et
1441 1722 1575 1795 Cruces
1589 1745 1677 1815 quas
1693 1719 1759 1817 ipfi

301 1884 366 1955 per
382 1859 525 1933 eosdem
542 1860 678 1933 limites
695 1860 860 1933 iecerunt
877 1860 1105 1933 terminando
1122 1861 1166 1932 ad
1181 1858 1342 1932 Redscrd
1393 1860 1443 1933 Et
1455 1856 1483 1931 sr
1496 1863 1582 1955 quid
1598 1885 1758 1955 unquam

302 1999 508 2070 habuenmt
524 1999 674 2093 predidti
691 1997 855 2070 canonici
871 1998 909 2068 in
927 2007 1024 2069 terra
1040 1998 1103 2070 illa
1119 2021 1189 2091 que
1207 1998 1355 2093 prefatis
1380 2000 1565 2071 monacbis
1590 1996 1760 2071 remansit

301 2134 474 2229 Receptis
491 2137 615 2208 decem
632 2136 761 2206 marcis
778 2144 817 2207 et
833 2135 949 2207 tribus
966 2137 1057 2207 acris
1074 2145 1170 2208 terre
1187 2138 1224 2207 in
1246 2138 1427 2209 territorio
1445 2134 1625 2209 Willelmi
1643 2138 1761 2211 Vniot

303 2283 409 2345 extra
420 2272 543 2345 villam
557 2274 602 2343 de
614 2272 726 2343 Parth
739 2273 842 2344 diuis
855 2256 1040 2346 mo'naehis
1053 2277 1090 2345 in
1104 2283 1320 2369 perpetuum
1334 2275 1498 2368 quietum
1511 2276 1761 2348 clamauerunt

305 2410 352 2481 Et
379 2412 423 2483 ad
449 2412 556 2482 huius
573 2410 641 2482 Rei
668 2406 914 2482 testimonium
939 2413 1201 2503 perhibendum
1228 2414 1395 2483 dominus
1411 2407 1630 2506 supradittus
1648 2412 1760 2510 Hugo

305 2544 571 2621 Dunkeldensis
589 2545 785 2641 Episcopus
802 2543 958 2644 sigillum
973 2547 1077 2621 suum
1090 2573 1164 2622 una
1180 2572 1264 2622 cum
1280 2546 1404 2645 srgillis
1421 2552 1578 2644 partium
1596 2549 1760 2645 apposuit

302 2682 406 2760 Teste
424 2687 517 2759 dido
535 2687 681 2759 domino
699 2684 857 2783 Hugone
875 2696 913 2758 et
931 2696 1082 2780 utroque
1100 2688 1260 2781 capitulo
1286 2696 1362 2760 tam
1385 2689 1432 2763 de
1449 2688 1571 2784 Capro
1588 2712 1697 2782 quam
1715 2691 1761 2763 da

305 2824 410 2896 Scan.

304 3100 415 3175 Carta
432 3099 586 3174 Haraldi
604 3100 756 3197 Catanie
774 3098 840 3173 dac.
859 3099 1013 3172 Comitis
1031 3103 1077 3174 de
1093 3127 1166 3175 una
1184 3126 1305 3175 merca
1321 3106 1461 3199 argenti
1478 3100 1546 3175 dre.

233 3405 280 3471 58
306 3378 566 3475 Dileeiffimis
577 3398 717 3471 Amicis
730 3398 801 3471 suis
816 3409 854 3471 et
870 3399 1077 3471 hominibus
1089 3396 1271 3471 Haraldus
1283 3396 1473 3472 Orcarder
1488 3399 1707 3473 Hctlander*
1724 3412 1763 3474 et

305 3539 423 3613 Cataii
441 3561 561 3611 comes
578 3536 730 3611 salutem
782 3536 914 3609 Sciatis
931 3559 991 3608 me
1008 3533 1141 3609 dedisse
1166 3546 1204 3608 et
1230 3538 1297 3609 hac
1321 3560 1404 3609 mea
1420 3547 1520 3611 carta
1544 3534 1763 3612 confirmasse

305 3677 386 3750 Deo
404 3687 443 3750 et
459 3673 580 3749 sanao
598 3674 772 3748 Michaeli
790 3685 829 3748 et
847 3676 1028 3747 canonicis
1053 3676 1286 3747 manentibus
1303 3678 1340 3747 in
1359 3674 1478 3749 Scona
1495 3672 1643 3772 singulis
1660 3678 1763 3749 annis

306 3838 414 3888 unam
439 3836 597 3887 marcam
623 3815 762 3910 argenti
788 3815 834 3887 ad
859 3812 1000 3909 pondus
1026 3834 1147 3885 marce
1173 3811 1297 3884 Scotie
1322 3812 1490 3886 libratam
1540 3813 1661 3899 Quare
1678 3815 1761 3886 volo

304 3964 347 4025 ut
364 3948 511 4049 singulis
528 3953 631 4024 annis
656 3953 724 4024 hec
742 3946 935 4024 elemosrna
960 3950 1119 4045 predidte
1144 3950 1268 4021 domui
1293 3952 1465 4022 reddatur
1488 3976 1510 4023 a
1534 3974 1594 4023 me
1619 3961 1658 4023 et
1682 3950 1757 4022 filio

303 4114 385 4163 mec
410 4090 595 4184 Turphino
619 4099 663 4201 et·
680 4089 872 4161 heredibus
897 4090 987 4160 meis
1012 4090 1051 4159 in
1076 4095 1294 4181 perpetuum
1319 4110 1384 4181 pro
1400 4089 1587 4161 animabus
1604 4086 1764 4161 anteces-

301 4226 420 4301 sorum
437 4250 601 4301 mennam
619 4236 657 4300 et
674 4250 738 4321 pro
756 4228 877 4299 anima
892 4248 975 4299 mea
991 4234 1030 4298 et
1047 4225 1169 4296 uxoris
1194 4247 1276 4297 mec
1294 4225 1464 4297 videlicet
1513 4222 1679 4298 'festibus
1696 4228 1764 4299 biis

299 4366 445 4439 Turfino
462 4366 537 4438 iilic
553 4388 636 4439 mec
655 4364 857 4439 Laurencio
874 4364 1100 4438 cancellario
1118 4372 1156 4437 et
1173 4363 1263 4436 aliis.
