4917 6509
689 835 737 907 64
1199 830 1356 908 LIBER
1382 830 1631 907 EOCLESIE
1958 852 2036 907 sec.
2054 854 2142 909 1111.

687 1034 755 1105 fice
779 1028 870 1105 licut
895 1033 1016 1126 ulique
1040 1032 1215 1105 abbachiu
1243 1034 1281 1105 in
1308 1054 1419 1128 regno
1448 1031 1572 1105 Scotio
1597 1032 1755 1127 aliquem
1783 1028 1969 1107 eccleficm
1996 1034 2144 1107 liberius

687 1172 844 1264 quietius
877 1180 916 1243 et
949 1170 1244 1245 honorificentius
1277 1181 1381 1244 tenet
1414 1170 1472 1243 vel
1504 1165 1659 1265 poffidet
1724 1169 1841 1251 Salvis
1883 1169 2143 1265 episcopalibus

687 1306 852 1381 Testibus
869 1309 1028 1403 capitulo
1047 1305 1299 1385 Dunkeldenfi
1316 1319 1356 1383 et
1371 1308 1497 1381 multis
1514 1308 1604 1381 eliis.

617 1596 622 1607 '
689 1582 962 1658 CmteGelfridi
975 1582 1129 1699 episcopi
1143 1535 1643 1681 Dunkeldensrsluperlrogy
1654 1583 1844 1658 Mehedet
1857 1584 2143 1681 Rothgnrtemn.

595 1875 663 1943 100
694 1836 893 1933 Univerfis
909 1857 1028 1931 sense
1054 1862 1179 1932 metris
1197 1856 1345 1932 ecclefie
1361 1857 1445 1933 filiis
1460 1856 1604 1953 presens
1628 1856 1801 1954 scripturn
1818 1856 1943 1932 visuris
1959 1858 2018 1931 vel
2042 1862 2144 1934 endi·

689 1999 781 2070 turis
807 1996 992 2070 Gelfridus
1013 1992 1245 2091 permiffione
1269 1998 1391 2070 divine
1414 1994 1683 2071 Dunkeldeulis
1707 1994 1893 2092 episcopus
1918 2006 2083 2071 eternum
2106 2002 2146 2071 in
2301 2096 2304 2100 ἡ

691 2136 836 2207 domino
862 2131 1015 2207 sulutem
1066 2133 1223 2209 Noverit
1247 2130 1460 2208 uniuerfitns
1484 2130 1602 2209 vestre
1625 2157 1692 2209 nos
1715 2136 1762 2207 nd
1785 2133 1936 2230 plenum
1959 2132 2145 2231 inspexisse

689 2273 924 2367 plurimorum
942 2271 1187 2369 episcoporum
1214 2268 1528 2384 Duukeldenlium
1544 2269 1830 2367 predecessorum
1844 2268 2046 2347 nostrorum
2062 2298 2147 2348 oon·

685 2407 860 2485 celliones
886 2420 924 2483 et
951 2412 1241 2485 confirmetiones
1269 2407 1484 2485 monasterio
1514 2411 1560 2483 de
1588 2408 1709 2483 Sconn
1734 2418 1774 2483 et
1799 2412 1981 2485 cononicis
2009 2412 2146 2485 ibidem

690 2549 772 2623 Deo
797 2548 1034 2623 servientibus
1060 2558 1099 2623 et
1132 2548 1316 2625 servituris
1341 2552 1381 2623 in
1404 2557 1622 2645 perpetuum
1646 2549 1757 2623 facus
1789 2545 1895 2643 super
1918 2544 2076 2623 ecclesiis
2100 2552 2148 2623 de

690 2684 793 2781 Logy
811 2684 948 2759 Mehed
966 2688 1004 2759 in
1021 2684 1188 2759 Atholliu
1203 2697 1243 2765 et
1261 2689 1307 2761 de
1324 2686 1602 2783 Rothgortunnn
1625 2688 1664 2758 in
1690 2686 1863 2761 Stermun
1888 2711 1973 2761 cum
1995 2688 2143 2783 capellis

690 2822 838 2897 decimis
867 2824 973 2895 terris
1001 2820 1268 2918 pollellronibus
1293 2824 1571 2899 solicitudinibus
1595 2824 1874 2898 obventionibus
1899 2824 2142 2900 oblationibus

690 2970 729 3033 et
754 2960 919 3033 omnibus
946 2960 1025 3034 aliis
1051 2962 1097 3035 nd
1125 2959 1267 3035 eusdem
1291 2958 1458 3039 ecclelies
1476 2958 1576 3056 juste
1599 2963 1866 3057 pertinentibus
1889 2964 1929 3035 in
1953 2961 2037 3037 usus
2061 2963 2145 3037 snos

689 3099 850 3194 proprios
867 3098 979 3171 libere
996 3100 1249 3173 convertendis
1271 3110 1310 3173 et
1334 3098 1479 3195 insuper
1503 3101 1736 3173 donationem
1761 3099 1913 3174 Henrici
1938 3104 2081 3177 comitis
2100 3104 2145 3175 de

688 3236 856 3309 Athollie
892 3238 1023 3309 fatrem
1060 3234 1165 3335 super
1197 3261 1271 3312 uno
1308 3240 1403 3311 tofto
1443 3239 1483 3311 in
1519 3239 1646 3313 ecdem
1682 3237 1812 3335 Logyn
1846 3261 1930 3312 cum
1966 3244 2150 3315 communi

689 3368 833 3467 pastura
849 3381 887 3444 et
904 3395 988 3445 cum
1011 3373 1057 3444 de
1076 3374 1160 3467 jure
1177 3398 1252 3446 non
1268 3372 1445 3469 pollemus
1462 3362 1724 3449 nec'vellemue
1741 3400 1866 3449 eornm
1887 3378 1981 3451 fauo
1997 3375 2147 3453 honesto

693 3507 827 3603 injuste
853 3510 1031 3583 contraire
1048 3522 1116 3583 nec
1133 3512 1209 3604 pies
1226 3534 1352 3584 eonun
1376 3510 1588 3586 collationes
1612 3520 1652 3585 et
1677 3512 1966 3587 confirmationes
1989 3518 2148 3612 predilto

691 3641 907 3719 monasterio
934 3646 1044 3717 fndus
1072 3646 1253 3721 infirmare
1291 3646 1373 3721 Nos
1401 3650 1531 3723 eodem
1555 3646 1682 3744 spiritu
1710 3652 1858 3745 pietatis
1891 3652 1988 3725 duci
2013 3678 2085 3747 quo
2110 3664 2150 3729 et

690 3783 744 3856 illi
761 3783 808 3855 de
824 3778 997 3855 consensu
1022 3792 1061 3855 et
1086 3778 1221 3857 ellensu
1247 3786 1396 3879 capituli
1420 3780 1570 3860 ecclelis
1595 3784 1863 3861 Dunkeldenfis
1880 3788 2092 3864 collationes
2108 3802 2148 3866 et

691 3917 931 3997 eoneeffiones
960 3920 1250 3995 confirmationes
1275 3924 1435 4018 prediolo
1467 3922 1684 3999 monasterio
1707 3950 1731 3999 e
1753 3901 2015 4021 prenominatis
2038 3930 2150 4005 futtuo

691 4069 787 4134 retas
821 4068 861 4131 et
888 4067 1009 4154 gretes
1038 4058 1213 4133 hebentes
1244 4062 1475 4135 concedimus
1509 4070 1548 4135 et
1580 4064 1620 4136 in
1652 4072 1868 4159 perpetuum
1897 4067 2150 4142 confimomus

692 4198 922 4271 concedimus
940 4197 1052 4269 stium
1068 4196 1192 4269 nbbeti
1210 4207 1249 4271 et
1265 4201 1448 4273 canonicis
1472 4202 1603 4294 prelati
1628 4196 1832 4296 monesterij
1859 4210 1897 4275 et
1922 4226 2048 4277 eornm
2071 4202 2149 4277 suc·

691 4330 882 4407 celluribus
899 4334 937 4405 in
954 4344 1171 4429 perpetuum
1192 4346 1237 4409 ut
1260 4338 1438 4431 proditius
1462 4333 1629 4413 eoelefies
1654 4336 1791 4413 scilicet
1816 4340 1862 4413 de
1888 4337 1993 4435 Logy
2008 4340 2148 4415 Mehed

692 4480 732 4545 et
748 4472 794 4543 de
811 4470 1045 4567 Rogortenen
1057 4450 1225 4546 ¹totulitcr
1241 4474 1280 4545 in
1297 4473 1382 4547 usus
1396 4472 1477 4547 suos
1493 4477 1654 4571 proprios
1679 4487 1894 4551 convertent
1911 4486 1951 4551 et
1967 4480 2021 4552 ite
2036 4478 2148 4553 libere

628 4600 633 4609 ’
693 4617 732 4681 et
748 4608 872 4701 quiete
895 4607 1055 4701 plenarie
1079 4616 1119 4681 et
1143 4608 1337 4684 honorifice
1362 4620 1515 4687 teneant
1538 4622 1578 4685 et
1600 4609 1800 4708 pollidennt
1816 4610 1910 4689 licut
1933 4616 2056 4709 ulique
2070 4615 2149 4690 Ab·

693 4745 821 4819 bechin
850 4744 887 4816 in
917 4766 1028 4840 regno
1059 4743 1183 4821 Scotie
1211 4746 1350 4841 eliques
1382 4744 1549 4823 ecclefius
1582 4752 1622 4823 in
1653 4751 1815 4845 proprios
1847 4750 1930 4825 usus
1962 4752 2148 4827 conversus

694 4884 841 4957 liberius
858 4882 1016 4975 quietius
1041 4892 1079 4953 et
1104 4882 1398 4957 honorificentius
1423 4894 1529 4959 tenet
1552 4895 1592 4960 et
1615 4883 1769 4982 poffidet
1818 4888 1880 4963 Itu
1903 4899 2027 4964 temen
2051 4894 2148 4985 quod

537 5032 547 5055 ·
693 5020 791 5095 idem
807 5016 1144 5135 canoniciecclefiio
1160 5022 1329 5116 predittis
1345 5046 1411 5117 per
1426 5025 1584 5119 ydoneos
1601 5026 1805 5121 capellanos
1822 5026 1880 5101 vel
1902 5024 1930 5099 fi
1954 5027 2148 5105 maluerint
