4917 6509
712 836 782 903 154
1216 770 1381 902 LIBER
1399 828 1644 903 ECCLESIE
1989 851 2064 902 suc.
2078 851 2158 903 xiv.

708 1028 779 1101 suis
797 1026 1026 1101 confirmatus
1045 1029 1183 1102 Damus
1207 1032 1259 1101 eis
1285 1042 1323 1101 et
1349 1032 1598 1102 confirmamus
1623 1030 1807 1103 licentiam
1832 1052 1974 1122 quoque
1999 1032 2050 1101 eis
2075 1054 2159 1102 con-

708 1167 868 1239 cedimus
886 1168 1090 1261 capellanos
1107 1191 1190 1241 cum
1209 1169 1390 1241 voluerint
1407 1166 1649 1261 quoscumque
1666 1169 1823 1262 ydoneos
1840 1169 1878 1239 in
1903 1162 1986 1261 ipsis
2003 1164 2159 1240 ecclesaie

706 1306 863 1376 retinere
881 1317 919 1376 et
937 1328 1122 1378 removere
1139 1304 1259 1379 Saluis
1283 1308 1386 1380 nobis
1413 1318 1452 1378 61
1475 1303 1726 1379 successoribus
1751 1300 1878 1376 nostris
1904 1303 2160 1400 episcopalibus

707 1444 753 1514 de
779 1446 945 1516 omnibus
963 1441 1119 1517 ecclesiis
1136 1446 1303 1540 predittis
1323 1447 1511 1517 annuatim
1536 1443 1744 1516 Reddendis
1769 1480 1778 1499 ·
1803 1442 1969 1537 Excepta
1991 1446 2162 1517 canonica

707 1578 840 1654 suade
866 1581 985 1654 Souna
1009 1591 1048 1653 et
1073 1582 1220 1676 capellis
1246 1581 1289 1655 ad
1317 1606 1397 1655 eam
1422 1582 1687 1676 pertinentibus
1713 1603 1801 1674 quas
1820 1583 1866 1654 ab
1892 1584 1989 1653 omni
2015 1580 2161 1654 servicio

707 1720 894 1793 exustione
919 1721 1098 1792 demanda
1122 1729 1161 1792 et
1186 1719 1444 1793 consuetudine
1469 1716 1657 1813 episcopali
1679 1719 1844 1792 volumus
1868 1730 1906 1792 61
1932 1721 2161 1792 concedimus

707 1856 777 1929 esse
794 1869 982 1953 exemptas
998 1896 1007 1916 ·
1025 1858 1071 1929 In
1088 1860 1190 1952 cujus
1207 1860 1259 1931 rei
1277 1855 1523 1931 testimonium
1543 1856 1711 1953 Sigillum
1734 1854 1894 1929 nostrum
1919 1860 2161 1931 andrenticum

702 2006 741 2066 et
759 1993 926 2090 Sigillum
944 2018 1135 2068 commune
1152 1997 1237 2067 disti
1255 1996 1404 2090 capituli
1420 1992 1530 2067 nostri
1547 1992 1770 2089 presentibus
1783 1995 1867 2067 sunt
1883 1992 2038 2089 appensa
2049 1994 2160 2089 Apud

707 2131 882 2206 Sanstum
899 2134 1068 2205 andream
1086 2136 1225 2206 decimo
1247 2134 1305 2205 die
1330 2129 1459 2207 mensis
1476 2133 1576 2226 Junij
1596 2133 1706 2203 Anno
1732 2134 1867 2205 domini
1884 2129 2072 2219 millesimo
2090 2144 2161 2205 tre-

706 2266 900 2342 centesimo
918 2269 1147 2366 nonogesimo
1160 2274 1288 2365 quinto
1306 2311 1314 2327 ·

706 2546 815 2619 Bulla
831 2548 1112 2619 confirmationis
1130 2548 1320 2621 Benedisti
1337 2571 1428 2642 pape
1446 2549 1491 2619 de
1508 2543 1665 2620 ecclesiis
1683 2556 1720 2617 61
1739 2546 1885 2641 capellis
1904 2588 1912 2604 ·

595 2829 674 2899 194.
707 2799 942 2895 Benedistus
959 2820 1155 2917 Episcopus
1173 2822 1307 2895 Servus
1330 2822 1524 2895 Servorum
1543 2824 1600 2895 dei
1619 2824 1664 2895 ad
1681 2833 1893 2918 perpetuam
1917 2826 1969 2895 rei
1995 2827 2161 2896 memori-

705 2986 763 3035 am
791 2958 926 3034 smcero
953 2962 1155 3033 devotionis
1185 2959 1335 3034 assessus
1364 2983 1471 3053 quem
1500 2958 1622 3033 dilecti
1650 2961 1716 3032 filii
1743 2960 1870 3033 Abbas
1895 2970 1934 3033 ct
1962 2971 2161 3034 conventus

704 3098 908 3172 monasterii
933 3102 980 3171 de
1002 3100 1121 3172 Scona
1138 3074 1273 3170 ordinis
1298 3096 1422 3172 Ssusti
1448 3094 1643 3193 Augustini
1669 3098 1926 3171 Sandtiandree
1951 3095 2098 3171 diocesis
2115 3100 2160 3170 ad

704 3262 770 3309 nos
788 3248 826 3309 et
843 3238 1045 3312 Romanam
1067 3247 1200 3333 gerunt
1223 3232 1409 3308 ecclesram
1434 3259 1575 3308 necnon
1600 3233 1697 3308 sacre
1723 3236 1906 3333 religionis
1931 3233 2097 3309 honestas
2122 3240 2160 3307 in

706 3399 777 3469 qua
806 3377 951 3445 domino
979 3376 1154 3446 exhibent
1183 3373 1398 3446 famulatum
1426 3384 1678 3467 promerentur
1702 3383 1745 3446 ut
1771 3397 1895 3447 eorum
1924 3377 2160 3469 petitionibus

703 3522 880 3606 quantum
899 3533 982 3582 cum
1006 3512 1074 3582 deo
1097 3505 1266 3604 possimus
1292 3512 1535 3583 favorabiliter
1560 3534 1760 3607 annuamus
1788 3512 1962 3587 Exhibita
1986 3510 2159 3607 siquidem

703 3650 807 3723 nobis
824 3671 888 3743 pro
904 3657 1008 3742 purte
1025 3650 1201 3721 diRorum
1219 3646 1374 3721 Abbatis
1400 3659 1439 3721 et
1464 3658 1664 3720 conventus
1688 3652 1818 3743 petitio
1836 3651 2048 3723 continebat
2064 3653 2158 3745 quod

703 3810 818 3881 nuper
844 3786 1058 3857 venerabilis
1079 3786 1191 3857 frater
1216 3785 1404 3858 Walterus
1431 3784 1625 3881 Episcopus
1651 3784 1909 3861 SunRiandree
1935 3785 2157 3863 considerans

704 3928 798 4020 quod
833 3923 1087 3997 monasterium
1117 3922 1231 4018 ipsum
1265 3934 1412 4020 propter
1441 3924 1575 3996 multas
1605 3933 1643 3996 et
1673 3925 1829 4000 diversus
1862 3930 2156 4023 congregationes

703 4065 877 4137 nobilium
896 4074 935 4135 et
951 4073 1162 4157 magnatum
1180 4064 1266 4135 diei
1284 4063 1402 4159 Regni
1428 4086 1498 4155 que
1523 4063 1611 4133 inibi
1636 4086 1701 4156 pro
1726 4066 1881 4158 negotiis
1906 4060 2013 4158 ipsius
2039 4064 2155 4161 Regni

702 4206 739 4273 in
758 4204 860 4295 cujus
876 4202 996 4273 medio
1014 4199 1072 4271 vel
1090 4195 1187 4291 quasr
1204 4197 1459 4272 monasterium
1477 4198 1593 4295 ipsum
1619 4198 1778 4273 consistit
1801 4205 2058 4296 pertraRendis
2075 4205 2157 4276 hac-

702 4350 810 4411 tenus
827 4341 920 4411 fatte
937 4338 1020 4410 sunt
1046 4348 1084 4409 et
1102 4339 1179 4408 fieri
1198 4335 1315 4409 solent
1340 4338 1457 4410 multa
1482 4339 1638 4432 dampna
1665 4348 1702 4411 61
1727 4342 1850 4435 gravia
1868 4338 2024 4413 subierat
2049 4364 2157 4413 onera

703 4475 938 4570 expensarum
955 4476 1197 4569 parochialem
1223 4470 1408 4547 ecolefiam
1435 4477 1480 4547 de
1507 4474 1626 4548 Soona
1652 4498 1734 4547 cum
1752 4474 1823 4548 suis
1841 4479 1885 4549 de
1903 4478 2095 4551 kinfawnis
2111 4481 2156 4550 de

703 4637 788 4709 crag
812 4624 851 4685 et
876 4614 921 4683 de
948 4611 1046 4684 Rath
1072 4611 1219 4706 capellis
1250 4620 1288 4683 et
1318 4614 1363 4683 (16
1389 4612 1445 4707 lyf
1472 4614 1516 4684 de
1546 4612 1777 4709 Invergowry
1805 4616 1850 4686 de
1875 4615 2081 4710 logydunde
2110 4619 2155 4689 de

703 4746 991 4822 Cambusmicbel
1022 4750 1067 4820 de
1100 4745 1302 4842 kilspinedy
1333 4760 1370 4821 61
1401 4751 1446 4822 de
1480 4751 1578 4821 blare
1608 4753 1828 4845 parochiales
1862 4750 2028 4827 eeclesias
2061 4756 2155 4827 disce

702 4883 850 4958 diocesis
876 4911 946 4979 que
964 4887 1008 4958 de
1025 4894 1217 4981 patronatu
1239 4884 1395 4980 ipsorum
1412 4887 1568 4961 Abbatis
1586 4898 1624 4960 et
1642 4900 1840 4962 conventus
1866 4914 1912 4962 ex
1933 4888 2155 4964 concessione

703 5024 819 5118 Regia
844 5020 1002 5096 existunt
1028 5033 1067 5095 et
1092 5046 1180 5115 quas
1205 5025 1388 5097 habebant
1413 5024 1452 5096 in
1478 5050 1602 5119 puram
1629 5038 1667 5099 et
1692 5038 1904 5121 perpetuam
1926 5027 2153 5103 elemosinam
