4917 6509
657 836 703 903 44
1168 824 1326 900 LIBER
1351 824 1599 901 EGCLESIE
1924 846 2002 900 sac.
2020 847 2108 899 x111.

653 1030 811 1101 sessione
826 1023 945 1100 nostra
960 1022 1052 1100 iul’oe
1068 1022 1254 1120 suscepisse
1270 1064 1279 1083 ·
1296 1025 1418 1111 Quare
1434 1027 1666 1121 probibemus
1682 1026 1835 1099 firmiter
1851 1064 1860 1081 ·
1878 1024 1941 1099 Ne
1957 1029 2038 1121 quis
2057 1028 2111 1099 eis

653 1168 820 1238 iniuriam
841 1164 902 1237 uel
927 1160 1127 1237 molestiam
1157 1172 1221 1237 aut
1250 1185 1446 1259 gmuamen
1475 1164 1622 1257 aliquod
1645 1188 1671 1257 p
1696 1173 1829 1237 terram
1854 1162 1916 1237 uel
1940 1186 2112 1257 pequam

654 1301 785 1376 iniuste
808 1302 942 1375 inferre
966 1299 1175 1397 presumat·
1197 1298 1265 1395 sup
1288 1298 1447 1375 nostram
1470 1300 1670 1396 plenariam
1695 1298 1981 1375 forisfacturam·
1997 1299 2112 1374 Test·

656 1438 752 1511 Will
769 1480 777 1497 ·
795 1442 841 1513 de
858 1436 978 1513 Bosclt
995 1478 1004 1495 ·
1020 1436 1173 1512 cancell
1189 1476 1198 1493 ·
1217 1436 1315 1509 Will
1326 1437 1460 1510 Cumis]
1470 1476 1480 1494 ·
1492 1435 1615 1510 Oomil
1632 1437 1679 1511 de
1690 1434 1799 1511 Bucb
1815 1437 1955 1513 -Justic
1971 1478 1982 1495 ·
1998 1436 2112 1513 Scol-

655 1578 767 1672 Apud
794 1577 920 1651 Forsar
937 1617 945 1633 ·
963 1578 1092 1649 vltimo
1110 1576 1168 1649 die
1186 1574 1372 1650 Nouens-

657 1853 768 1927 Carta
783 1852 984 1927 Alexandri
1003 1852 1114 1949 Regis
1131 1852 1177 1925 de
1193 1860 1348 1945 utraque
1363 1848 1474 1923 Blare
1489 1852 1529 1922 in
1546 1852 1734 1924 excambio
1750 1851 1891 1924 decime
1905 1855 2018 1947 panis.

589 2134 630 2207 71
660 2102 888 2204 Alexander
901 2128 972 2201 Dei
984 2130 1100 2224 gratia
1113 2126 1195 2201 Rex
1208 2124 1420 2200 Scottomm
1459 2123 1640 2199 Omnibus
1651 2125 1772 2220 probis
1783 2126 1990 2199 bominibus
2002 2129 2116 2199 totius

657 2278 754 2341 terre
770 2265 833 2340 sue
849 2265 1004 2339 salntem
1055 2264 1182 2338 Sciant
1198 2262 1383 2359 presentes
1399 2271 1438 2335 et
1454 2262 1568 2335 futuri
1585 2263 1683 2357 quod
1695 2271 1810 2337 terras
1824 2264 1869 2336 de
1880 2286 2014 2360 magna
2029 2262 2117 2337 Blar

660 2414 698 2479 et
714 2407 761 2478 de
777 2428 887 2499 parra
903 2404 992 2477 Blar
1016 2426 1104 2499 quas
1121 2404 1311 2476 canonicis·
1328 2403 1376 2475 de
1392 2398 1513 2474 Souna
1528 2400 1750 2474 contulimus
1770 2424 1835 2496 pro
1858 2402 1998 2475 decima
2013 2404 2117 2497 panis

659 2552 698 2615 et
714 2542 1008 2615 Rottitudinibus
1026 2563 1114 2635 ques
1130 2539 1315 2634 percipere
1332 2536 1596 2611 consueverunt
1613 2541 1801 2611 annuatim
1819 2540 1866 2611 de
1881 2541 1982 2613 curia
1997 2536 2118 2613 nostra

659 2688 698 2751 et
716 2678 858 2775 Regino
882 2676 1008 2774 sponse
1028 2675 1149 2750 nostre
1176 2700 1243 2749 nos
1262 2685 1302 2750 et
1320 2677 1471 2749 heredes
1492 2672 1603 2748 nostri
1624 2674 1758 2751 eisdem
1784 2680 1967 2751 canonicis
1991 2689 2119 2752 contra

660 2838 785 2889 omnes
802 2815 967 2888 homines
979 2817 1018 2887 in
1031 2823 1247 2909 perpetuum
1260 2815 1572 2889 warantizabimus
1584 2823 1624 2887 et
1636 2817 1674 2889 in
1686 2814 1795 2887 buius
1807 2817 1860 2887 rei
1872 2813 2119 2888 testimonium

660 2954 754 3027 hano
770 2962 907 3027 cartam
920 2948 1079 3026 nostrum
1092 2953 1196 3025 distis
1208 2954 1390 3025 canonicis
1402 2952 1481 3023 lieri
1492 2952 1644 3025 fecimus
1677 2948 2119 3026 Testibusrenerabilibus

660 3090 822 3185 patribus
850 3092 888 3162 in
918 3085 1060 3162 Christo
1078 3087 1140 3162 W.
1160 3098 1199 3163 et
1225 3087 1469 3186 G.Glnsgue1i
1496 3099 1536 3163 et
1559 3088 1709 3163 Dirblaii
1737 3087 1827 3186 Epis
1854 3089 1897 3163 Ρ.
1913 3090 2048 3163 comite
2074 3090 2120 3163 de

662 3226 815 3301 Dunbar
836 3224 900 3298 W.
925 3226 966 3297 fil
988 3224 1101 3299 Alani
1126 3225 1257 3300 senesd
1284 3224 1390 3300 iustis>
1413 3226 1538 3301 Scotio
1562 3226 1731 3302 Waltero
1753 3225 1835 3302 Olis
1856 3225 1962 3303 iustis
1991 3228 2120 3301 laodori

664 3360 782 3433 Willo
796 3364 841 3435 de
852 3360 992 3435 Lindes
1000 3362 1048 3434 D.
1060 3360 1247 3437 Mariscall
1259 3362 1394 3460 Eymer
1405 3365 1452 3437 de
1463 3364 1626 3438 Maxwel
1660 3364 1772 3461 Apud
1786 3364 1993 3460 'lbauquere
2006 3366 2122 3460 primo

665 3496 724 3572 die
739 3499 841 3593 Junij
859 3523 955 3573 anno
973 3500 1093 3597 Regni
1111 3501 1248 3574 domini
1263 3503 1359 3597 regis
1375 3502 1467 3597 xxj⁰.

666 3773 904 3848 Confirmatio
921 3773 1124 3849 Alexandri
1142 3774 1256 3871 Regis
1272 3776 1477 3851 donationis
1493 3773 1643 3851 ecclesie
1659 3779 1706 3851 de
1722 3776 1978 3875 Rogortewyn.

597 4057 642 4130 72
666 4027 893 4125 Alexander
909 4049 981 4125 Dei
997 4051 1114 4146 gratia
1131 4048 1213 4125 Rex
1231 4050 1424 4126 Scotorum
1447 4053 1615 4127 omnibus
1637 4052 1758 4147 probis
1779 4054 1986 4127 bominibus
2010 4056 2124 4127 totins

667 4200 763 4263 terre
779 4187 842 4261 sne
859 4189 999 4263 clericis
1016 4198 1056 4262 et
1072 4187 1173 4262 laicis
1188 4186 1344 4264 salutem
1394 4188 1522 4263 Sciant
1538 4187 1723 4286 presentes
1747 4201 1788 4265 et
1811 4191 1926 4265 futuri
1950 4214 2017 4266 nos
2040 4214 2125 4267 con·

668 4322 800 4400 eeffilse
825 4335 865 4399 et
887 4335 987 4399 carta
1008 4323 1129 4399 nostra
1145 4323 1367 4399 confirmasse
1392 4327 1626 4401 donationem
1651 4328 1752 4403 illam
1777 4353 1886 4425 qnam
1904 4328 2125 4408 Malculmus

668 4486 789 4538 comes
820 4464 865 4536 do
890 4462 964 4559 llys
986 4464 1032 4537 de
1058 4460 1231 4537 consensu
1258 4462 1425 4559 episcopi
1443 4474 1482 4539 et
1505 4466 1656 4561 capituli
1684 4463 1953 4542 Dunlreldenlis
1977 4464 2126 4542 ecclesie

668 4602 757 4675 fecit
774 4598 855 4673 Deo
872 4608 911 4673 et
927 4598 1076 4674 ecclesie
1092 4598 1214 4675 Anae
1237 4601 1413 4675 trinitatis
1430 4602 1477 4675 de
1494 4602 1592 4676 Scon
1617 4614 1657 4676 et
1680 4606 1862 4678 canonicis
1886 4605 2022 4679 ibidem
2045 4604 2127 4688 Deo

668 4738 906 4813 servientibus
931 4746 970 4811 et
994 4735 1177 4812 servituris
1202 4740 1250 4812 de
1274 4734 1425 4814 ecclesia
1444 4740 1492 4813 de
1508 4740 1765 4836 Rocbgortcne
1811 4742 1972 4816 Tenend.
1993 4740 2127 4815 eisdem
2209 4756 2212 4760 ·

670 4876 851 4951 canonicis
868 4897 952 4949 eum
969 4875 1118 4949 decimis
1138 4877 1246 4950 terris
1271 4886 1312 4950 et
1335 4877 1615 4951 obventionibus
1639 4887 1679 4952 et
1702 4880 1872 4953 omnibns
1887 4878 1967 4953 aliis
1983 4880 2030 4953 ad
2046 4901 2128 4953 eom

670 5008 761 5086 iuste
789 5014 1055 5108 pertinentibus
1082 5016 1120 5087 in
1148 5037 1277 5110 puram
1306 5024 1345 5089 et
1370 5025 1584 5112 perpetuam
1611 5013 1843 5093 elemosinam
1870 5019 1923 5092 ita
1948 5017 2063 5091 libere
2088 5028 2128 5090 et
