4917 6509
374 826 655 878 acomaxmn.
786 805 823 877 S.
849 803 1147 877 TRINITATIS
1173 804 1244 877 DE
1270 803 1417 878 scON.
1785 815 1830 885 75

374 1006 420 1076 de
436 1001 519 1099 ipsrs
532 1002 637 1100 super
653 1006 722 1077 hoc
738 1005 854 1077 habeo
868 1042 876 1061 ·
890 1002 936 1077 In
953 1006 1055 1099 cujus
1069 1004 1139 1075 Rei
1152 1000 1401 1075 testimonium
1417 1002 1575 1099 presenti
1587 1003 1719 1103 scripto
1736 1003 1831 1104 sigil-

374 1142 449 1213 lum
466 1165 589 1215 meum
607 1138 753 1237 apposui
770 1140 930 1215 netum
947 1141 1043 1236 apud
1061 1141 1217 1213 Scouam
1235 1142 1295 1214 die
1310 1141 1413 1214 Jovis
1426 1146 1591 1237 proxima
1603 1142 1683 1239 post
1697 1142 1830 1217 festum

374 1279 470 1351 beati
488 1280 645 1353 barnabe
662 1277 812 1374 apostoli
831 1320 839 1337 ·
857 1278 969 1351 Anno
986 1279 1123 1351 domini
1139 1280 1197 1360 or
1214 1320 1222 1335 ·
1242 1287 1297 1351 co⁰
1314 1320 1322 1336 ·
1341 1280 1393 1350 1⁰·
1411 1277 1566 1352 secundo

374 1552 482 1625 Bulla
499 1553 704 1627 Innocentii
724 1554 822 1649 Pape
839 1555 885 1625 de
903 1555 968 1624 fori
982 1552 1156 1626 clericalis
1174 1554 1373 1650 privilegio,

278 1840 348 1903 1192
375 1804 623 1903 Innocentius
652 1826 850 1924 Episcopus
877 1825 999 1900 servus
1024 1824 1204 1899 servorum
1230 1830 1289 1901 dei
1316 1869 1324 1885 ·
1350 1829 1494 1904 dilettis
1518 1831 1602 1904 filiis
1627 1831 1764 1905 Abbati
1790 1850 1829 1905 et

372 1968 481 2060 priori
498 1968 544 2039 de
561 1964 684 2039 Insula
699 1960 878 2037 missarum
898 1960 1176 2037 Dumblanensrs
1193 1962 1353 2059 dyocesis
1370 1965 1536 2040 Salutem
1547 1976 1586 2041 et
1598 1966 1829 2064 apostolicam

371 2102 660 2175 benedictionem
690 2142 699 2159 ·
727 2103 940 2174 dilebtorum
970 2103 1125 2174 filiorum
1152 2100 1312 2176 Abbatis
1341 2113 1380 2176 et
1406 2114 1606 2177 conventus
1635 2106 1681 2178 de
1711 2105 1831 2179 Soona

371 2240 506 2311 ordinis
523 2238 647 2311 sanai
665 2236 861 2337 Augustini
879 2238 1003 2313 Sanni
1020 2239 1169 2311 Andree
1192 2236 1350 2333 dyocesis
1366 2242 1533 2335 precibus
1549 2243 1745 2337 benignum
1763 2247 1830 2314 im-

331 2474 337 2485 }
371 2379 569 2471 pertientes
586 2373 759 2448 assensum
778 2379 830 2448 eis
846 2377 1061 2449 autumate
1079 2376 1265 2448 literarum
1291 2374 1491 2450 nostrarum
1517 2379 1688 2451 duximus
1711 2380 1830 2451 indul·

371 2515 530 2609 gendum
557 2522 600 2584 ut
627 2509 733 2607 super
757 2514 863 2585 terris
890 2520 929 2584 et
954 2513 1033 2585 aliis
1058 2514 1161 2584 bonis
1187 2510 1337 2586 eoeleste
1361 2512 1519 2610 ipsorum
1544 2540 1615 2609 que
1640 2517 1687 2588 ad
1713 2519 1829 2589 forum

372 2646 650 2747 ecclesiasticum
674 2652 856 2744 pertinere
881 2648 1079 2723 noscuntur
1102 2650 1149 2721 ad
1174 2647 1462 2744 respondendum
1479 2654 1537 2725 vel
1558 2654 1774 2749 litigandum
1791 2658 1829 2725 in

372 2790 470 2859 curia
487 2784 635 2859 seculari
654 2796 780 2860 contra
797 2789 862 2859 soti
881 2788 1055 2860 clericalis
1072 2786 1300 2883 privilegium
1318 2788 1547 2881 aliquatenus
1570 2792 1739 2886 compelli
1756 2815 1829 2865 non

371 2921 502 3019 possint
520 2924 698 3010 Quocirca
714 2921 920 2997 discretioni
936 2921 1052 2997 vestre
1069 2948 1133 3018 per
1149 2919 1342 3017 apostolica
1367 2922 1499 3019 scripta
1514 2929 1727 3000 mandamus
1744 2953 1830 3021 qua·

371 3067 471 3135 tinus
488 3086 561 3135 nou
582 3062 934 3157 permittatisuittos
956 3062 1125 3133 abbatem
1151 3070 1189 3132 et
1214 3070 1434 3133 conventum
1453 3072 1580 3135 eontra
1596 3062 1828 3145 concessionis

371 3196 492 3273 nostre
510 3210 674 3273 tenorem
692 3196 882 3293 superbiis
905 3200 951 3271 ab
973 3198 1153 3291 aliquibus
1179 3197 1341 3269 indebite
1365 3195 1546 3271 molestari
1573 3197 1829 3273 Molestatores

370 3335 573 3431 hujusmodi
598 3360 664 3432 per
689 3332 874 3409 censuram
891 3331 1164 3407 ecclesrasticam
1189 3333 1431 3427 appellatione
1455 3332 1649 3430 postposita
1674 3337 1830 3433 compes·

371 3477 485 3549 condo
513 3473 600 3546 Non
627 3470 791 3546 obstante
819 3469 845 3543 sr
873 3472 1052 3565 aliquibus
1079 3497 1101 3545 a
1127 3469 1209 3543 sede
1235 3466 1430 3564 apostolica
1454 3468 1497 3543 srt
1524 3474 1706 3545 indultum
1734 3478 1829 3567 quod

370 3613 673 3686 excommunicari
690 3607 855 3705 suspendi
873 3612 932 3683 vel
955 3611 1121 3683 interdici
1139 3632 1212 3681 non
1228 3605 1361 3702 possunt
1379 3634 1443 3704 per
1460 3610 1600 3683 litteras
1617 3609 1829 3705 apostolicas

370 3774 444 3821 non
472 3751 645 3823 facientes
674 3749 819 3843 plenam
849 3756 887 3819 et
918 3743 1115 3841 expressam
1146 3748 1191 3818 de
1219 3746 1328 3819 verbo
1358 3748 1403 3819 ad
1434 3748 1581 3818 verbum
1612 3748 1657 3818 de
1687 3750 1828 3820 indulto

368 3884 570 3982 hujusmodi
587 3889 811 3959 mentionem
829 3882 968 3977 Datum
987 3885 1154 3959 Laterau.
1181 3885 1219 3977 iij
1240 3884 1338 3955 Non.
1358 3884 1576 3955 Novembris
1594 3886 1828 3976 pontificatus

370 4020 480 4097 nostri
497 4022 608 4095 Anno
625 4024 827 4095 undecimo.

373 4297 482 4369 Bulla
497 4296 704 4369 Innocentii
723 4296 831 4389 Papo.

278 4579 347 4644 113
377 4551 621 4647 lnuoceutius
639 4567 837 4665 Episcopus
854 4566 975 4641 servus
988 4564 1168 4641 servorum
1187 4568 1246 4639 dei
1264 4567 1404 4639 dilectis
1421 4568 1504 4639 liliis
1522 4567 1660 4641 Abbati
1680 4568 1829 4641 ecclesie

374 4712 498 4785 Sanni
529 4708 722 4781 Michaelis
754 4707 800 4779 de
832 4706 952 4779 Scona
977 4703 1123 4801 ejusque
1153 4706 1324 4779 fratribus
1355 4714 1430 4777 tam
1461 4681 1686 4799 presentibus
1721 4730 1828 4799 quam

373 4848 504 4922 futuris
529 4846 730 4943 regularem
757 4847 868 4917 vitam
895 4839 1056 4937 profellls
1071 4843 1345 4937 Inperpetuum.
1398 4841 1616 4938 Religiosam
1635 4846 1747 4916 vitam
1765 4845 1829 4916 eli-

373 4986 543 5081 gentibus
561 4980 796 5077 apostolicum
814 4983 985 5054 convenit
1002 4975 1117 5053 adesse
1134 4974 1328 5073 prefidium
1340 5003 1388 5052 ne
1406 4980 1500 5051 forte
1517 4980 1667 5053 cuilibet
1686 4984 1829 5052 temeri-
