4917 6509
686 800 732 867 38
1196 791 1354 865 LIBER
1379 788 1627 863 ECGLESIE
1955 812 2032 864 sac.
2051 812 2141 863 x111.

685 1128 919 1203 Confirmatio
937 1128 1138 1203 Alexandri
1155 1132 1250 1225 regis
1266 1138 1447 1204 cartorum
1463 1120 1723 1201 antecessorum
1740 1128 1896 1201 suorum.

615 1403 659 1473 59
686 1380 910 1479 Alexander
927 1400 998 1475 Dei
1022 1404 1140 1499 gratia
1156 1401 1239 1475 Rex
1265 1402 1477 1476 Scottorum
1502 1404 1670 1477 omnibus
1686 1402 1819 1477 Sandte
1843 1406 1970 1477 matris
1995 1400 2144 1478 ecclesie

684 1542 851 1615 fidelibus
880 1540 1085 1636 presentem
1115 1550 1254 1615 cartem
1283 1539 1495 1636 inspedcuris
1527 1538 1682 1615 salutem
1737 1542 1865 1615 Sciant
1892 1537 2076 1637 presentes
2104 1552 2144 1615 et

685 1682 798 1753 futuri
827 1703 893 1751 nos
922 1673 1121 1752 conceffilse
1151 1688 1189 1751 et
1211 1678 1328 1776 Regia
1353 1680 1549 1754 autoritate
1578 1676 1798 1753 confirmasse
1823 1677 1904 1753 Deo
1931 1689 1971 1753 et
1995 1680 2145 1753 ecclesie

686 1819 817 1893 Sanbte
834 1818 1021 1891 Trinitatis
1039 1818 1084 1889 de
1102 1816 1222 1891 Souna
1238 1828 1278 1890 et
1295 1819 1418 1891 abbati
1436 1826 1475 1890 et
1490 1820 1674 1891 canonicis
1698 1818 1835 1892 ibidem
1852 1817 1933 1891 Deo
1957 1817 2144 1892 servienti-

685 1958 752 2029 bus
770 1967 808 2030 et
824 1955 1007 2029 servituris
1020 1978 1145 2027 omnes
1158 1951 1325 2029 eoolefias
1337 1966 1452 2029 terras
1467 1952 1694 2050 possessiones
1710 1956 1899 2030 libertates
1910 1958 2144 2031 rectitudines

686 2092 963 2168 eonsuetudines
987 2102 1027 2165 et
1052 2101 1174 2166 cetera
1199 2095 1323 2165 omnia
1346 2118 1417 2188 que
1443 2090 1680 2167 antecessores
1705 2090 1815 2166 nostri
1833 2093 1917 2166 Rex
1933 2091 2145 2167 Alexander

686 2234 769 2307 Rex
795 2232 914 2307 David
938 2231 1022 2305 Rex
1048 2230 1270 2305 Maloolmus
1298 2242 1338 2305 et
1364 2232 1447 2306 Rex
1466 2232 1680 2307 Wsslelmus
1706 2243 1810 2326 pater
1837 2227 1957 2304 noster
1984 2233 2144 2326 prediRe

675 2368 832 2445 'ecclesie
854 2372 1032 2443 dederuut
1049 2381 1088 2443 et
1104 2367 1353 2444 concesserunt
1381 2381 1420 2443 et
1444 2395 1510 2466 per
1538 2380 1656 2445 cartas
1679 2368 1759 2443 suaa
1784 2370 2089 2443 confirmaverunt
2105 2380 2144 2443 et

684 2508 775 2583 srcut
792 2519 891 2583 carte
908 2532 996 2604 quas
1013 2504 1078 2602 ipss
1095 2509 1258 2581 canonici
1275 2510 1373 2581 idem
1389 2510 1525 2583 habent
1538 2504 1716 2581 testantur
1766 2507 1950 2580 Volumus
1965 2508 2088 2599 itaque
2105 2516 2144 2579 et

610 2711 614 2721 .
684 2650 900 2742 precipimus
918 2656 959 2719 ut
976 2646 1158 2741 predidtus
1183 2646 1294 2719 abbas
1310 2655 1350 2718 et
1367 2648 1530 2719 canonici
1547 2644 1739 2741 supradidci
1761 2646 1920 2719 babeant
1937 2652 1976 2717 et
1993 2653 2144 2718 teneant

686 2788 796 2880 plene
810 2795 848 2858 et
860 2787 1003 2881 integre
1016 2792 1055 2855 et
1068 2778 1270 2855 inconcusse
1284 2793 1323 2856 et
1336 2786 1389 2857 ita
1400 2784 1513 2857 libere
1526 2794 1565 2856 et
1577 2786 1701 2878 quiete
1713 2778 1805 2856 sieut
1818 2783 1946 2856 eadem
1962 2783 2093 2856 melius
2106 2794 2145 2856 et

684 2924 827 3018 plenius
844 2922 993 2994 liberius
1010 2929 1049 2993 et
1066 2921 1224 3014 quietius
1243 2929 1440 2993 tenuerunt
1457 2921 1578 3014 aliquo
1595 2930 1760 3015 tempore
1777 2921 1930 3015 alicujus
1952 2916 2145 2993 antecello-

684 3084 766 3133 rum
782 3057 984 3132 nostrorum
998 3067 1037 3131 et
1051 3053 1142 3130 ficut
1159 3056 1281 3151 aliqua
1292 3052 1443 3131 ecclelia
1458 3060 1497 3129 in
1509 3058 1638 3154 Regno
1656 3054 1776 3131 nostro
1792 3081 1850 3131 res
1866 3068 1907 3132 et
1921 3053 2145 3153 possessiones

684 3199 763 3272 suaa
779 3198 910 3271 melius
927 3206 966 3269 et
988 3195 1130 3290 plenius
1156 3195 1304 3267 liberius
1329 3204 1368 3267 et
1393 3198 1551 3289 quietius
1577 3206 1615 3268 et
1639 3197 1935 3268 honorificentius
1952 3206 2056 3269 tenet
2080 3206 2144 3269 aut

683 3331 837 3429 possidet
852 3344 892 3405 et
909 3329 1000 3405 sieut
1016 3342 1115 3405 carta
1131 3342 1170 3405 et
1193 3332 1416 3406 confirmatio
1432 3336 1570 3406 domini
1593 3336 1688 3430 regis
1706 3333 1887 3407 Willelmi
1905 3336 2019 3429 patris
2035 3331 2145 3407 nostri

684 3474 769 3544 inde
786 3472 879 3543 aea
895 3470 1062 3563 prediRis
1079 3470 1261 3541 canonicis
1278 3464 1457 3542 testantur
1473 3481 1513 3543 et
1529 3470 1744 3543 confirmant
1793 3468 1959 3543 Testibus
1983 3472 2145 3545 Roberto

686 3607 851 3703 episcopo
880 3601 1039 3678 Rolsensi
1064 3603 1255 3677 Willelmo
1283 3605 1329 3677 de
1355 3603 1486 3679 boscho
1514 3608 1727 3680 cancellario
1755 3606 1877 3681 Adam
1912 3618 1951 3681 et
1979 3608 2143 3683 Roberto

687 3745 882 3840 capellanis
898 3740 1027 3817 nostris
1044 3740 1068 3814 J
1071 3742 1213 3814 ohanne
1231 3743 1277 3813 de
1293 3742 1376 3817 haia
1393 3742 1553 3839 Hugone
1569 3745 1616 3817 de
1640 3748 1836 3819 camerario
1886 3744 1998 3841 Apud
2020 3746 2146 3820 Forfar

688 3888 776 3958 'xxix
795 3884 854 3956 die
872 3882 1092 3955 Novembris

688 4163 799 4235 Carta
815 4159 1017 4233 Alexandri
1036 4158 1148 4255 Regis
1165 4159 1211 4231 de
1227 4156 1397 4231 solvenda
1414 4159 1555 4232 decima
1570 4158 1643 4231 sua.
1787 4162 1794 4173 ‘

619 4436 664 4504 60
690 4410 914 4511 Alexander
931 4434 1001 4506 Dei
1025 4435 1143 4529 gratia
1160 4432 1242 4504 Rex
1261 4432 1472 4505 Scottorum
1488 4429 1703 4507 Justioiariis
1721 4436 1994 4509 vicecomitibus
2018 4460 2145 4531 prepo-

689 4573 765 4648 srtis
782 4566 1017 4667 burgensibus
1034 4578 1073 4642 et
1090 4570 1258 4642 omnibus
1282 4564 1452 4641 ministris
1477 4572 1591 4642 totius
1608 4579 1705 4645 terre
1721 4571 1785 4645 sue
1801 4571 1955 4646 salutem
2005 4572 2145 4645 Mando

689 4726 727 4787 et
743 4712 895 4785 firmiter
916 4707 1075 4803 precipio
1092 4708 1263 4800 quatinus
1288 4707 1505 4801 quicumque
1531 4708 1665 4803 aliquid
1691 4710 1737 4783 de
1763 4711 1903 4784 decima
1927 4734 2009 4783 mea
2024 4710 2082 4782 vel
2100 4712 2146 4782 de

690 4842 883 4924 elemosina
899 4843 981 4918 Deo
1007 4854 1046 4915 et
1074 4843 1196 4915 abbati
1215 4844 1261 4915 de
1278 4842 1399 4916 Scooa
1415 4846 1603 4917 annuatim
1628 4844 1766 4919 solvere
1792 4848 1957 4921 debuerit
1981 4846 2073 4918 illud
2098 4849 2144 4919 ad

689 4989 862 5061 terminos
885 4983 994 5055 urichi
1012 4978 1166 5053 statutos
1184 4980 1229 5053 de
1246 4980 1351 5054 lirma
1373 5003 1456 5054 mea
1480 4982 1591 5054 miehi
1616 4982 1800 5055 reddenda
1816 4984 1869 5055 eis
1890 4982 2051 5078 plenarie
2067 5004 2147 5075 per·
