<?xml version="1.0" encoding="UTF-8"?>
<!DOCTYPE html PUBLIC "-//W3C//DTD XHTML 1.0 Transitional//EN"
    "http://www.w3.org/TR/xhtml1/DTD/xhtml1-transitional.dtd">
<html xmlns="http://www.w3.org/1999/xhtml" xml:lang="en" lang="en">
 <head>
  <title>
</title>
<meta http-equiv="Content-Type" content="text/html;charset=utf-8" />
  <meta name='ocr-system' content='tesseract 3.04.00' />
  <meta name='ocr-capabilities' content='ocr_page ocr_carea ocr_par ocr_line ocrx_word'/>
</head>
<body>
  <div class='ocr_page' id='page_1' title='image "./liberecclesiede00abbegoog_0208.png"; bbox 0 0 4917 6509; ppageno 0'>
   <div class='ocr_carea' id='block_1_1' title="bbox 649 744 2097 821">
    <p class='ocr_par' dir='ltr' id='par_1_1' title="bbox 649 744 2097 821">
     <span class='ocr_line' id='line_1_1' title="bbox 649 744 2097 821; baseline 0.001 -4"><span class='ocrx_word' id='word_1_1' title='bbox 649 753 718 819; x_wconf 70' lang='lat'><strong>152</strong></span> <span class='ocrx_word' id='word_1_2' title='bbox 1159 744 1317 817; x_wconf 80' lang='lat' dir='ltr'><strong>LIBER</strong></span> <span class='ocrx_word' id='word_1_3' title='bbox 1343 744 1590 819; x_wconf 81' lang='lat' dir='ltr'>EOCLESIE</span> <span class='ocrx_word' id='word_1_4' title='bbox 1924 769 2001 821; x_wconf 78' lang='lat' dir='ltr'><strong>sac.</strong></span> <span class='ocrx_word' id='word_1_5' title='bbox 2015 769 2097 821; x_wconf 85' lang='lat' dir='ltr'><strong>xv1.</strong></span> 
     </span>
    </p>
   </div>
   <div class='ocr_carea' id='block_1_2' title="bbox 538 943 2102 3636">
    <p class='ocr_par' dir='ltr' id='par_1_2' title="bbox 538 943 2102 3501">
     <span class='ocr_line' id='line_1_2' title="bbox 644 943 2096 1039; baseline 0.002 -24"><span class='ocrx_word' id='word_1_6' title='bbox 644 955 752 1017; x_wconf 90' lang='lat' dir='ltr'><strong>netur</strong></span> <span class='ocrx_word' id='word_1_7' title='bbox 777 944 897 1029; x_wconf 78' lang='lat' dir='ltr'><strong>Quare</strong></span> <span class='ocrx_word' id='word_1_8' title='bbox 914 968 978 1039; x_wconf 89' lang='lat' dir='ltr'><strong>pro</strong></span> <span class='ocrx_word' id='word_1_9' title='bbox 994 952 1097 1039; x_wconf 84' lang='lat' dir='ltr'><strong>perte</strong></span> <span class='ocrx_word' id='word_1_10' title='bbox 1114 945 1290 1016; x_wconf 71' lang='lat' dir='ltr'><strong>dictorum</strong></span> <span class='ocrx_word' id='word_1_11' title='bbox 1307 943 1464 1015; x_wconf 87' lang='lat' dir='ltr'><strong>Abbatis</strong></span> <span class='ocrx_word' id='word_1_12' title='bbox 1481 955 1520 1017; x_wconf 90' lang='lat' dir='ltr'><strong>et</strong></span> <span class='ocrx_word' id='word_1_13' title='bbox 1537 944 1748 1017; x_wconf 84' lang='lat' dir='ltr'><strong>Conventus</strong></span> <span class='ocrx_word' id='word_1_14' title='bbox 1772 947 1876 1018; x_wconf 92' lang='lat' dir='ltr'><strong>nobis</strong></span> <span class='ocrx_word' id='word_1_15' title='bbox 1893 946 1963 1017; x_wconf 85' lang='lat' dir='ltr'><strong>suit</strong></span> <span class='ocrx_word' id='word_1_16' title='bbox 1979 946 2096 1018; x_wconf 90' lang='lat' dir='ltr'><strong>humi·</strong></span> 
     </span>
     <span class='ocr_line' id='line_1_3' title="bbox 644 1077 2098 1176; baseline 0 -22"><span class='ocrx_word' id='word_1_17' title='bbox 644 1084 728 1155; x_wconf 92' lang='lat' dir='ltr'><strong>liter</strong></span> <span class='ocrx_word' id='word_1_18' title='bbox 752 1079 991 1176; x_wconf 80' lang='lat' dir='ltr'>supplicatum</span> <span class='ocrx_word' id='word_1_19' title='bbox 1018 1090 1059 1155; x_wconf 90' lang='lat' dir='ltr'><strong>ut</strong></span> <span class='ocrx_word' id='word_1_20' title='bbox 1085 1077 1298 1155; x_wconf 79' lang='lat' dir='ltr'><strong>concessioni</strong></span> <span class='ocrx_word' id='word_1_21' title='bbox 1324 1082 1518 1153; x_wconf 79' lang='lat' dir='ltr'><strong>annexioni</strong></span> <span class='ocrx_word' id='word_1_22' title='bbox 1540 1100 1578 1153; x_wconf 91' lang='lat' dir='ltr'><strong>et</strong></span> <span class='ocrx_word' id='word_1_23' title='bbox 1595 1084 1720 1155; x_wconf 91' lang='lat' dir='ltr'><strong>unioni</strong></span> <span class='ocrx_word' id='word_1_24' title='bbox 1745 1080 1947 1176; x_wconf 91' lang='lat' dir='ltr'><strong>hujusmodi</strong></span> <span class='ocrx_word' id='word_1_25' title='bbox 1972 1082 2098 1156; x_wconf 86' lang='lat' dir='ltr'>Robur</span> 
     </span>
     <span class='ocr_line' id='line_1_4' title="bbox 644 1214 2096 1313; baseline -0.001 -20"><span class='ocrx_word' id='word_1_26' title='bbox 644 1221 923 1293; x_wconf 84' lang='lat' dir='ltr'><strong>confirmationis</strong></span> <span class='ocrx_word' id='word_1_27' title='bbox 939 1221 1080 1293; x_wconf 79' lang='lat' dir='ltr'>adicere</span> <span class='ocrx_word' id='word_1_28' title='bbox 1094 1228 1131 1291; x_wconf 93' lang='lat' dir='ltr'><strong>et</strong></span> <span class='ocrx_word' id='word_1_29' title='bbox 1149 1218 1309 1291; x_wconf 77' lang='lat' dir='ltr'><strong>desettus</strong></span> <span class='ocrx_word' id='word_1_30' title='bbox 1322 1214 1348 1288; x_wconf 82' lang='lat' dir='ltr'><strong>sr</strong></span> <span class='ocrx_word' id='word_1_31' title='bbox 1362 1220 1423 1311; x_wconf 91' lang='lat' dir='ltr'><strong>qui</strong></span> <span class='ocrx_word' id='word_1_32' title='bbox 1439 1216 1556 1289; x_wconf 81' lang='lat' dir='ltr'>forsan</span> <span class='ocrx_word' id='word_1_33' title='bbox 1572 1220 1835 1290; x_wconf 80' lang='lat' dir='ltr'><strong>intervenerint</strong></span> <span class='ocrx_word' id='word_1_34' title='bbox 1860 1217 1906 1291; x_wconf 90' lang='lat' dir='ltr'><strong>In</strong></span> <span class='ocrx_word' id='word_1_35' title='bbox 1923 1216 2096 1313; x_wconf 83' lang='lat' dir='ltr'><strong>premiffis</strong></span> 
     </span>
     <span class='ocr_line' id='line_1_5' title="bbox 643 1352 2098 1452; baseline 0.001 -25"><span class='ocrx_word' id='word_1_36' title='bbox 643 1357 806 1451; x_wconf 91' lang='lat' dir='ltr'><strong>supplere</strong></span> <span class='ocrx_word' id='word_1_37' title='bbox 824 1358 869 1429; x_wconf 89' lang='lat' dir='ltr'><strong>de</strong></span> <span class='ocrx_word' id='word_1_38' title='bbox 886 1358 1110 1452; x_wconf 80' lang='lat' dir='ltr'><strong>benignitate</strong></span> <span class='ocrx_word' id='word_1_39' title='bbox 1136 1352 1330 1449; x_wconf 85' lang='lat' dir='ltr'><strong>apostolica</strong></span> <span class='ocrx_word' id='word_1_40' title='bbox 1350 1356 1580 1450; x_wconf 78' lang='lat' dir='ltr'><strong>dignaremur</strong></span> <span class='ocrx_word' id='word_1_41' title='bbox 1605 1354 1687 1427; x_wconf 86' lang='lat' dir='ltr'><strong>Noa</strong></span> <span class='ocrx_word' id='word_1_42' title='bbox 1710 1356 1822 1450; x_wconf 87' lang='lat' dir='ltr'><strong>igitur</strong></span> <span class='ocrx_word' id='word_1_43' title='bbox 1837 1352 2098 1429; x_wconf 83' lang='lat' dir='ltr'><strong>concessionem</strong></span> 
     </span>
     <span class='ocr_line' id='line_1_6' title="bbox 643 1488 2099 1587; baseline -0.001 -21"><span class='ocrx_word' id='word_1_44' title='bbox 643 1497 882 1567; x_wconf 86' lang='lat' dir='ltr'><strong>annexionem</strong></span> <span class='ocrx_word' id='word_1_45' title='bbox 900 1502 938 1565; x_wconf 91' lang='lat' dir='ltr'><strong>et</strong></span> <span class='ocrx_word' id='word_1_46' title='bbox 955 1496 1125 1565; x_wconf 92' lang='lat' dir='ltr'><strong>unionem</strong></span> <span class='ocrx_word' id='word_1_47' title='bbox 1142 1490 1347 1587; x_wconf 89' lang='lat' dir='ltr'><strong>hujusmodi</strong></span> <span class='ocrx_word' id='word_1_48' title='bbox 1364 1500 1460 1564; x_wconf 82' lang='lat' dir='ltr'><strong>ratus</strong></span> <span class='ocrx_word' id='word_1_49' title='bbox 1477 1491 1653 1563; x_wconf 88' lang='lat' dir='ltr'><strong>babentes</strong></span> <span class='ocrx_word' id='word_1_50' title='bbox 1670 1501 1709 1563; x_wconf 92' lang='lat' dir='ltr'><strong>et</strong></span> <span class='ocrx_word' id='word_1_51' title='bbox 1724 1505 1845 1586; x_wconf 85' lang='lat' dir='ltr'><strong>grates</strong></span> <span class='ocrx_word' id='word_1_52' title='bbox 1862 1492 1943 1564; x_wconf 86' lang='lat' dir='ltr'><strong>illas</strong></span> <span class='ocrx_word' id='word_1_53' title='bbox 1960 1488 2099 1587; x_wconf 88' lang='lat' dir='ltr'><strong>aposto·</strong></span> 
     </span>
     <span class='ocr_line' id='line_1_7' title="bbox 641 1624 2102 1722; baseline -0.001 -21"><span class='ocrx_word' id='word_1_54' title='bbox 641 1630 712 1702; x_wconf 89' lang='lat' dir='ltr'><strong>lica</strong></span> <span class='ocrx_word' id='word_1_55' title='bbox 731 1629 946 1705; x_wconf 62' lang='lat' dir='ltr'><strong>sullimitate</strong></span> <span class='ocrx_word' id='word_1_56' title='bbox 964 1654 1010 1701; x_wconf 89' lang='lat' dir='ltr'><strong>ex</strong></span> <span class='ocrx_word' id='word_1_57' title='bbox 1028 1639 1127 1701; x_wconf 88' lang='lat' dir='ltr'><strong>certa</strong></span> <span class='ocrx_word' id='word_1_58' title='bbox 1151 1627 1301 1701; x_wconf 87' lang='lat' dir='ltr'><strong>scientia</strong></span> <span class='ocrx_word' id='word_1_59' title='bbox 1320 1627 1573 1701; x_wconf 80' lang='lat' dir='ltr'><strong>confirmamus</strong></span> <span class='ocrx_word' id='word_1_60' title='bbox 1590 1636 1628 1699; x_wconf 89' lang='lat' dir='ltr'><strong>et</strong></span> <span class='ocrx_word' id='word_1_61' title='bbox 1645 1624 1819 1722; x_wconf 88' lang='lat' dir='ltr'><strong>presentis</strong></span> <span class='ocrx_word' id='word_1_62' title='bbox 1835 1625 1957 1722; x_wconf 90' lang='lat' dir='ltr'><strong>scripti</strong></span> <span class='ocrx_word' id='word_1_63' title='bbox 1982 1638 2102 1722; x_wconf 87' lang='lat' dir='ltr'><strong>patro-</strong></span> 
     </span>
     <span class='ocr_line' id='line_1_8' title="bbox 643 1758 2097 1859; baseline -0.002 -20"><span class='ocrx_word' id='word_1_64' title='bbox 643 1770 736 1839; x_wconf 91' lang='lat' dir='ltr'><strong>cinio</strong></span> <span class='ocrx_word' id='word_1_65' title='bbox 754 1768 1018 1839; x_wconf 90' lang='lat' dir='ltr'><strong>communimus</strong></span> <span class='ocrx_word' id='word_1_66' title='bbox 1037 1765 1259 1859; x_wconf 90' lang='lat' dir='ltr'><strong>Suppleutes</strong></span> <span class='ocrx_word' id='word_1_67' title='bbox 1275 1787 1400 1837; x_wconf 88' lang='lat' dir='ltr'><strong>omnes</strong></span> <span class='ocrx_word' id='word_1_68' title='bbox 1418 1764 1579 1836; x_wconf 72' lang='lat' dir='ltr'><strong>dafenus</strong></span> <span class='ocrx_word' id='word_1_69' title='bbox 1595 1758 1685 1856; x_wconf 86' lang='lat' dir='ltr'><strong>fiqui</strong></span> <span class='ocrx_word' id='word_1_70' title='bbox 1703 1760 1819 1835; x_wconf 78' lang='lat' dir='ltr'><strong>forsan</strong></span> <span class='ocrx_word' id='word_1_71' title='bbox 1836 1766 2097 1837; x_wconf 85' lang='lat' dir='ltr'><strong>intervenerint</strong></span> 
     </span>
     <span class='ocr_line' id='line_1_9' title="bbox 642 1896 2098 1996; baseline -0.001 -21"><span class='ocrx_word' id='word_1_72' title='bbox 642 1907 680 1975; x_wconf 91' lang='lat' dir='ltr'><strong>in</strong></span> <span class='ocrx_word' id='word_1_73' title='bbox 698 1903 831 1976; x_wconf 89' lang='lat' dir='ltr'><strong>eisdem</strong></span> <span class='ocrx_word' id='word_1_74' title='bbox 849 1902 906 1977; x_wconf 88' lang='lat' dir='ltr'><strong>Ae</strong></span> <span class='ocrx_word' id='word_1_75' title='bbox 920 1903 1081 1975; x_wconf 86' lang='lat' dir='ltr'><strong>volenter</strong></span> <span class='ocrx_word' id='word_1_76' title='bbox 1099 1904 1194 1996; x_wconf 91' lang='lat' dir='ltr'><strong>quod</strong></span> <span class='ocrx_word' id='word_1_77' title='bbox 1212 1899 1239 1973; x_wconf 83' lang='lat' dir='ltr'><strong>sr</strong></span> <span class='ocrx_word' id='word_1_78' title='bbox 1257 1901 1368 1995; x_wconf 83' lang='lat' dir='ltr'><strong>aliqui</strong></span> <span class='ocrx_word' id='word_1_79' title='bbox 1385 1898 1490 1995; x_wconf 88' lang='lat' dir='ltr'><strong>super</strong></span> <span class='ocrx_word' id='word_1_80' title='bbox 1505 1896 1765 1994; x_wconf 80' lang='lat' dir='ltr'><strong>provifionibus</strong></span> <span class='ocrx_word' id='word_1_81' title='bbox 1781 1898 1847 1972; x_wconf 87' lang='lat' dir='ltr'><strong>fibi</strong></span> <span class='ocrx_word' id='word_1_82' title='bbox 1864 1903 2036 1974; x_wconf 85' lang='lat' dir='ltr'><strong>faciendis</strong></span> <span class='ocrx_word' id='word_1_83' title='bbox 2052 1903 2098 1975; x_wconf 92' lang='lat' dir='ltr'><strong>de</strong></span> 
     </span>
     <span class='ocr_line' id='line_1_10' title="bbox 642 2033 2098 2135; baseline -0.001 -22"><span class='ocrx_word' id='word_1_84' title='bbox 642 2040 903 2135; x_wconf 86' lang='lat' dir='ltr'><strong>parochialibus</strong></span> <span class='ocrx_word' id='word_1_85' title='bbox 929 2036 1086 2112; x_wconf 74' lang='lat' dir='ltr'><strong>ecclesiis</strong></span> <span class='ocrx_word' id='word_1_86' title='bbox 1112 2048 1176 2112; x_wconf 86' lang='lat' dir='ltr'><strong>eut</strong></span> <span class='ocrx_word' id='word_1_87' title='bbox 1202 2038 1281 2112; x_wconf 86' lang='lat' dir='ltr'><strong>eliis</strong></span> <span class='ocrx_word' id='word_1_88' title='bbox 1306 2040 1489 2111; x_wconf 87' lang='lat' dir='ltr'><strong>beneficiis</strong></span> <span class='ocrx_word' id='word_1_89' title='bbox 1515 2033 1760 2112; x_wconf 81' lang='lat' dir='ltr'><strong>eccleslasticir</strong></span> <span class='ocrx_word' id='word_1_90' title='bbox 1784 2038 1912 2113; x_wconf 86' lang='lat' dir='ltr'><strong>inillis</strong></span> <span class='ocrx_word' id='word_1_91' title='bbox 1936 2040 2098 2132; x_wconf 90' lang='lat' dir='ltr'><strong>partibus</strong></span> 
     </span>
     <span class='ocr_line' id='line_1_11' title="bbox 641 2173 2098 2272; baseline -0.001 -23"><span class='ocrx_word' id='word_1_92' title='bbox 641 2177 812 2272; x_wconf 83' lang='lat' dir='ltr'><strong>speciales</strong></span> <span class='ocrx_word' id='word_1_93' title='bbox 842 2177 901 2249; x_wconf 84' lang='lat' dir='ltr'><strong>vel</strong></span> <span class='ocrx_word' id='word_1_94' title='bbox 934 2177 1120 2272; x_wconf 87' lang='lat' dir='ltr'><strong>generales</strong></span> <span class='ocrx_word' id='word_1_95' title='bbox 1153 2174 1363 2269; x_wconf 87' lang='lat' dir='ltr'><strong>Apostolice</strong></span> <span class='ocrx_word' id='word_1_96' title='bbox 1394 2173 1487 2248; x_wconf 89' lang='lat' dir='ltr'><strong>sedis</strong></span> <span class='ocrx_word' id='word_1_97' title='bbox 1518 2175 1576 2247; x_wconf 92' lang='lat' dir='ltr'><strong>vel</strong></span> <span class='ocrx_word' id='word_1_98' title='bbox 1611 2175 1812 2271; x_wconf 88' lang='lat' dir='ltr'><strong>legatorum</strong></span> <span class='ocrx_word' id='word_1_99' title='bbox 1847 2177 1924 2269; x_wconf 88' lang='lat' dir='ltr'><strong>ejus</strong></span> <span class='ocrx_word' id='word_1_100' title='bbox 1957 2176 2098 2248; x_wconf 86' lang='lat' dir='ltr'><strong>litteras</strong></span> 
     </span>
     <span class='ocr_line' id='line_1_12' title="bbox 641 2310 2096 2409; baseline 0 -25"><span class='ocrx_word' id='word_1_101' title='bbox 641 2315 868 2409; x_wconf 87' lang='lat' dir='ltr'><strong>impetrarint</strong></span> <span class='ocrx_word' id='word_1_102' title='bbox 885 2316 996 2385; x_wconf 89' lang='lat' dir='ltr'><strong>etiam</strong></span> <span class='ocrx_word' id='word_1_103' title='bbox 1014 2310 1041 2384; x_wconf 83' lang='lat' dir='ltr'><strong>sr</strong></span> <span class='ocrx_word' id='word_1_104' title='bbox 1058 2336 1123 2407; x_wconf 92' lang='lat' dir='ltr'><strong>per</strong></span> <span class='ocrx_word' id='word_1_105' title='bbox 1140 2335 1200 2385; x_wconf 86' lang='lat' dir='ltr'><strong>eas</strong></span> <span class='ocrx_word' id='word_1_106' title='bbox 1217 2314 1264 2385; x_wconf 89' lang='lat' dir='ltr'><strong>ad</strong></span> <span class='ocrx_word' id='word_1_107' title='bbox 1280 2311 1541 2384; x_wconf 90' lang='lat' dir='ltr'><strong>Inhibitionem</strong></span> <span class='ocrx_word' id='word_1_108' title='bbox 1559 2310 1837 2385; x_wconf 87' lang='lat' dir='ltr'><strong>reservationem</strong></span> <span class='ocrx_word' id='word_1_109' title='bbox 1854 2322 1893 2385; x_wconf 95' lang='lat' dir='ltr'><strong>et</strong></span> <span class='ocrx_word' id='word_1_110' title='bbox 1910 2313 2096 2386; x_wconf 88' lang='lat' dir='ltr'><strong>decretum</strong></span> 
     </span>
     <span class='ocr_line' id='line_1_13' title="bbox 641 2432 2096 2544; baseline -0.001 -22"><span class='ocrx_word' id='word_1_111' title='bbox 641 2452 700 2523; x_wconf 79' lang='lat' dir='ltr'><strong>v‘el</strong></span> <span class='ocrx_word' id='word_1_112' title='bbox 725 2432 812 2523; x_wconf 78' lang='lat' dir='ltr'><strong>elias</strong></span> <span class='ocrx_word' id='word_1_113' title='bbox 837 2449 1108 2543; x_wconf 87' lang='lat' dir='ltr'><strong>quomodolibet</strong></span> <span class='ocrx_word' id='word_1_114' title='bbox 1130 2445 1175 2520; x_wconf 90' lang='lat' dir='ltr'><strong>lit</strong></span> <span class='ocrx_word' id='word_1_115' title='bbox 1196 2445 1394 2544; x_wconf 88' lang='lat' dir='ltr'><strong>processum</strong></span> <span class='ocrx_word' id='word_1_116' title='bbox 1420 2448 1559 2541; x_wconf 86' lang='lat' dir='ltr'><strong>prefate</strong></span> <span class='ocrx_word' id='word_1_117' title='bbox 1584 2449 1708 2523; x_wconf 88' lang='lat' dir='ltr'><strong>littere</strong></span> <span class='ocrx_word' id='word_1_118' title='bbox 1725 2459 1764 2520; x_wconf 90' lang='lat' dir='ltr'><strong>et</strong></span> <span class='ocrx_word' id='word_1_119' title='bbox 1781 2444 1958 2542; x_wconf 85' lang='lat' dir='ltr'><strong>processus</strong></span> <span class='ocrx_word' id='word_1_120' title='bbox 1983 2450 2096 2522; x_wconf 88' lang='lat' dir='ltr'><strong>habiti</strong></span> 
     </span>
     <span class='ocr_line' id='line_1_14' title="bbox 640 2583 2095 2682; baseline -0.001 -22"><span class='ocrx_word' id='word_1_121' title='bbox 640 2612 704 2682; x_wconf 89' lang='lat' dir='ltr'><strong>per</strong></span> <span class='ocrx_word' id='word_1_122' title='bbox 728 2586 870 2660; x_wconf 89' lang='lat' dir='ltr'><strong>easdem</strong></span> <span class='ocrx_word' id='word_1_123' title='bbox 895 2600 933 2659; x_wconf 93' lang='lat' dir='ltr'><strong>et</strong></span> <span class='ocrx_word' id='word_1_124' title='bbox 959 2609 1184 2681; x_wconf 84' lang='lat' dir='ltr'><strong>quecumque</strong></span> <span class='ocrx_word' id='word_1_125' title='bbox 1209 2587 1294 2659; x_wconf 89' lang='lat' dir='ltr'><strong>inde</strong></span> <span class='ocrx_word' id='word_1_126' title='bbox 1311 2585 1434 2659; x_wconf 86' lang='lat' dir='ltr'><strong>secuta</strong></span> <span class='ocrx_word' id='word_1_127' title='bbox 1457 2586 1503 2657; x_wconf 89' lang='lat' dir='ltr'><strong>ad</strong></span> <span class='ocrx_word' id='word_1_128' title='bbox 1524 2583 1710 2659; x_wconf 76' lang='lat' dir='ltr'><strong>ecelesiam</strong></span> <span class='ocrx_word' id='word_1_129' title='bbox 1737 2587 1915 2680; x_wconf 85' lang='lat' dir='ltr'><strong>prefatam</strong></span> <span class='ocrx_word' id='word_1_130' title='bbox 1940 2586 2095 2659; x_wconf 88' lang='lat' dir='ltr'><strong>nullate-</strong></span> 
     </span>
     <span class='ocr_line' id='line_1_15' title="bbox 640 2722 2095 2819; baseline -0.001 -23"><span class='ocrx_word' id='word_1_131' title='bbox 640 2748 708 2797; x_wconf 90' lang='lat' dir='ltr'><strong>nus</strong></span> <span class='ocrx_word' id='word_1_132' title='bbox 732 2724 769 2797; x_wconf 91' lang='lat' dir='ltr'><strong>se</strong></span> <span class='ocrx_word' id='word_1_133' title='bbox 795 2725 996 2797; x_wconf 82' lang='lat' dir='ltr'><strong>extendant</strong></span> <span class='ocrx_word' id='word_1_134' title='bbox 1022 2723 1179 2796; x_wconf 83' lang='lat' dir='ltr'><strong>Tenores</strong></span> <span class='ocrx_word' id='word_1_135' title='bbox 1198 2747 1281 2795; x_wconf 90' lang='lat' dir='ltr'><strong>vero</strong></span> <span class='ocrx_word' id='word_1_136' title='bbox 1307 2722 1511 2794; x_wconf 89' lang='lat' dir='ltr'><strong>litterarum</strong></span> <span class='ocrx_word' id='word_1_137' title='bbox 1536 2724 1631 2817; x_wconf 89' lang='lat' dir='ltr'><strong>regis</strong></span> <span class='ocrx_word' id='word_1_138' title='bbox 1648 2732 1687 2795; x_wconf 90' lang='lat' dir='ltr'><strong>et</strong></span> <span class='ocrx_word' id='word_1_139' title='bbox 1704 2722 1859 2816; x_wconf 90' lang='lat' dir='ltr'><strong>episcopi</strong></span> <span class='ocrx_word' id='word_1_140' title='bbox 1880 2747 1922 2795; x_wconf 87' lang='lat' dir='ltr'><strong>ac</strong></span> <span class='ocrx_word' id='word_1_141' title='bbox 1947 2724 2095 2819; x_wconf 90' lang='lat' dir='ltr'><strong>capituli</strong></span> 
     </span>
     <span class='ocr_line' id='line_1_16' title="bbox 639 2834 2094 2958; baseline -0.002 -24"><span class='ocrx_word' id='word_1_142' title='bbox 639 2834 879 2956; x_wconf 78' lang='lat' dir='ltr'><strong>predibtorum</strong></span> <span class='ocrx_word' id='word_1_143' title='bbox 894 2860 1081 2933; x_wconf 89' lang='lat' dir='ltr'><strong>talessunt</strong></span> <span class='ocrx_word' id='word_1_144' title='bbox 1096 2858 1275 2958; x_wconf 89' lang='lat' dir='ltr'><strong>[utsupra</strong></span> <span class='ocrx_word' id='word_1_145' title='bbox 1292 2864 1371 2941; x_wconf 89' lang='lat'>189,</span> <span class='ocrx_word' id='word_1_146' title='bbox 1387 2856 1487 2952; x_wconf 89' lang='lat'><strong>190.]</strong></span> <span class='ocrx_word' id='word_1_147' title='bbox 1503 2896 1512 2915; x_wconf 91' lang='lat'><strong>·</strong></span> <span class='ocrx_word' id='word_1_148' title='bbox 1525 2857 1632 2929; x_wconf 93' lang='lat' dir='ltr'><strong>Nulli</strong></span> <span class='ocrx_word' id='word_1_149' title='bbox 1645 2880 1731 2955; x_wconf 89' lang='lat' dir='ltr'><strong>ergo</strong></span> <span class='ocrx_word' id='word_1_150' title='bbox 1748 2860 1895 2931; x_wconf 92' lang='lat' dir='ltr'><strong>omnino</strong></span> <span class='ocrx_word' id='word_1_151' title='bbox 1907 2860 2094 2933; x_wconf 90' lang='lat' dir='ltr'><strong>hominum</strong></span> 
     </span>
     <span class='ocr_line' id='line_1_17' title="bbox 538 2992 2094 3094; baseline -0.001 -24"><span class='ocrx_word' id='word_1_152' title='bbox 538 3046 540 3051; x_wconf 66' lang='lat'>,</span> <span class='ocrx_word' id='word_1_153' title='bbox 640 3000 748 3072; x_wconf 90' lang='lat' dir='ltr'><strong>liceat</strong></span> <span class='ocrx_word' id='word_1_154' title='bbox 766 3000 857 3071; x_wconf 88' lang='lat' dir='ltr'><strong>hane</strong></span> <span class='ocrx_word' id='word_1_155' title='bbox 873 3000 1041 3094; x_wconf 88' lang='lat' dir='ltr'><strong>paginam</strong></span> <span class='ocrx_word' id='word_1_156' title='bbox 1058 2995 1177 3071; x_wconf 86' lang='lat' dir='ltr'><strong>nostre</strong></span> <span class='ocrx_word' id='word_1_157' title='bbox 1195 2996 1475 3070; x_wconf 85' lang='lat' dir='ltr'><strong>confirmationis</strong></span> <span class='ocrx_word' id='word_1_158' title='bbox 1496 2997 1789 3067; x_wconf 79' lang='lat' dir='ltr'><strong>communitionis</strong></span> <span class='ocrx_word' id='word_1_159' title='bbox 1806 2992 2040 3091; x_wconf 86' lang='lat' dir='ltr'><strong>suppletionis</strong></span> <span class='ocrx_word' id='word_1_160' title='bbox 2056 3010 2094 3069; x_wconf 91' lang='lat' dir='ltr'><strong>et</strong></span> 
     </span>
     <span class='ocr_line' id='line_1_18' title="bbox 585 3128 2094 3229; baseline 0.001 -26"><span class='ocrx_word' id='word_1_161' title='bbox 585 3166 595 3187; x_wconf 89' lang='lat'><strong>·</strong></span> <span class='ocrx_word' id='word_1_162' title='bbox 641 3135 837 3208; x_wconf 88' lang='lat' dir='ltr'><strong>voluntatis</strong></span> <span class='ocrx_word' id='word_1_163' title='bbox 854 3134 1049 3229; x_wconf 89' lang='lat' dir='ltr'><strong>infringere</strong></span> <span class='ocrx_word' id='word_1_164' title='bbox 1066 3134 1125 3205; x_wconf 90' lang='lat' dir='ltr'><strong>vel</strong></span> <span class='ocrx_word' id='word_1_165' title='bbox 1141 3136 1176 3206; x_wconf 90' lang='lat' dir='ltr'><strong>ei</strong></span> <span class='ocrx_word' id='word_1_166' title='bbox 1193 3129 1281 3206; x_wconf 87' lang='lat' dir='ltr'><strong>ausu</strong></span> <span class='ocrx_word' id='word_1_167' title='bbox 1297 3133 1487 3204; x_wconf 88' lang='lat' dir='ltr'><strong>temerario</strong></span> <span class='ocrx_word' id='word_1_168' title='bbox 1512 3133 1690 3203; x_wconf 88' lang='lat' dir='ltr'><strong>contraire</strong></span> <span class='ocrx_word' id='word_1_169' title='bbox 1716 3130 1757 3203; x_wconf 86' lang='lat' dir='ltr'><strong>Si</strong></span> <span class='ocrx_word' id='word_1_170' title='bbox 1777 3135 1857 3226; x_wconf 90' lang='lat' dir='ltr'><strong>quis</strong></span> <span class='ocrx_word' id='word_1_171' title='bbox 1882 3141 2004 3205; x_wconf 86' lang='lat' dir='ltr'><strong>autem</strong></span> <span class='ocrx_word' id='word_1_172' title='bbox 2026 3128 2094 3206; x_wconf 90' lang='lat' dir='ltr'><strong>hoc</strong></span> 
     </span>
     <span class='ocr_line' id='line_1_19' title="bbox 639 3267 2094 3365; baseline -0.001 -23"><span class='ocrx_word' id='word_1_173' title='bbox 639 3280 858 3365; x_wconf 81' lang='lat' dir='ltr'><strong>attemptare</strong></span> <span class='ocrx_word' id='word_1_174' title='bbox 883 3267 1134 3364; x_wconf 85' lang='lat' dir='ltr'><strong>presumpserit</strong></span> <span class='ocrx_word' id='word_1_175' title='bbox 1160 3270 1444 3364; x_wconf 80' lang='lat' dir='ltr'><strong>indignationem</strong></span> <span class='ocrx_word' id='word_1_176' title='bbox 1474 3271 1734 3362; x_wconf 88' lang='lat' dir='ltr'><strong>omnipotentis</strong></span> <span class='ocrx_word' id='word_1_177' title='bbox 1757 3270 1816 3341; x_wconf 90' lang='lat' dir='ltr'><strong>dei</strong></span> <span class='ocrx_word' id='word_1_178' title='bbox 1842 3280 1880 3342; x_wconf 88' lang='lat' dir='ltr'><strong>et</strong></span> <span class='ocrx_word' id='word_1_179' title='bbox 1906 3271 2094 3343; x_wconf 88' lang='lat' dir='ltr'><strong>beatorum</strong></span> 
     </span>
     <span class='ocr_line' id='line_1_20' title="bbox 640 3402 2094 3501; baseline -0.001 -23"><span class='ocrx_word' id='word_1_180' title='bbox 640 3409 733 3500; x_wconf 90' lang='lat' dir='ltr'><strong>petri</strong></span> <span class='ocrx_word' id='word_1_181' title='bbox 757 3417 795 3479; x_wconf 94' lang='lat' dir='ltr'><strong>et</strong></span> <span class='ocrx_word' id='word_1_182' title='bbox 821 3406 918 3501; x_wconf 89' lang='lat' dir='ltr'><strong>pauli</strong></span> <span class='ocrx_word' id='word_1_183' title='bbox 942 3403 1180 3500; x_wconf 79' lang='lat' dir='ltr'><strong>apostolorum</strong></span> <span class='ocrx_word' id='word_1_184' title='bbox 1207 3407 1284 3499; x_wconf 88' lang='lat' dir='ltr'><strong>ejus</strong></span> <span class='ocrx_word' id='word_1_185' title='bbox 1304 3402 1340 3476; x_wconf 90' lang='lat' dir='ltr'><strong>se</strong></span> <span class='ocrx_word' id='word_1_186' title='bbox 1360 3406 1503 3475; x_wconf 90' lang='lat' dir='ltr'><strong>noverit</strong></span> <span class='ocrx_word' id='word_1_187' title='bbox 1527 3402 1750 3477; x_wconf 89' lang='lat' dir='ltr'><strong>incursurum</strong></span> <span class='ocrx_word' id='word_1_188' title='bbox 1769 3404 1908 3477; x_wconf 89' lang='lat' dir='ltr'><strong>Datum</strong></span> <span class='ocrx_word' id='word_1_189' title='bbox 1934 3404 2094 3477; x_wconf 76' lang='lat' dir='ltr'><strong>Aviniod</strong></span> 
     </span>
    </p>

    <p class='ocr_par' dir='ltr' id='par_1_3' title="bbox 640 3537 1646 3636">
     <span class='ocr_line' id='line_1_21' title="bbox 640 3537 1646 3636; baseline -0.004 -23"><span class='ocrx_word' id='word_1_190' title='bbox 640 3545 664 3636; x_wconf 88' lang='lat' dir='ltr'><strong>ij</strong></span> <span class='ocrx_word' id='word_1_191' title='bbox 683 3544 719 3613; x_wconf 93' lang='lat' dir='ltr'><strong>id</strong></span> <span class='ocrx_word' id='word_1_192' title='bbox 737 3567 745 3615; x_wconf 74' lang='grc' dir='ltr'><strong>ε</strong></span> <span class='ocrx_word' id='word_1_193' title='bbox 765 3540 975 3636; x_wconf 87' lang='lat' dir='ltr'><strong>septembris</strong></span> <span class='ocrx_word' id='word_1_194' title='bbox 993 3541 1231 3614; x_wconf 86' lang='lat' dir='ltr'><strong>Pontificatus</strong></span> <span class='ocrx_word' id='word_1_195' title='bbox 1249 3537 1357 3613; x_wconf 89' lang='lat' dir='ltr'><strong>nostri</strong></span> <span class='ocrx_word' id='word_1_196' title='bbox 1376 3538 1487 3611; x_wconf 88' lang='lat' dir='ltr'><strong>Anno</strong></span> <span class='ocrx_word' id='word_1_197' title='bbox 1503 3542 1646 3634; x_wconf 91' lang='lat' dir='ltr'><strong>primo·</strong></span> 
     </span>
    </p>
   </div>
   <div class='ocr_carea' id='block_1_3' title="bbox 641 3812 2091 3913">
    <p class='ocr_par' dir='ltr' id='par_1_4' title="bbox 641 3812 2091 3913">
     <span class='ocr_line' id='line_1_22' title="bbox 641 3812 2091 3913; baseline 0.003 -28"><span class='ocrx_word' id='word_1_198' title='bbox 641 3814 750 3887; x_wconf 88' lang='lat' dir='ltr'><strong>Bulla</strong></span> <span class='ocrx_word' id='word_1_199' title='bbox 762 3812 951 3885; x_wconf 74' lang='lat' dir='ltr'><strong>Benedicti</strong></span> <span class='ocrx_word' id='word_1_200' title='bbox 969 3813 1068 3908; x_wconf 87' lang='lat' dir='ltr'><strong>Pape</strong></span> <span class='ocrx_word' id='word_1_201' title='bbox 1082 3814 1127 3884; x_wconf 90' lang='lat' dir='ltr'><strong>de</strong></span> <span class='ocrx_word' id='word_1_202' title='bbox 1139 3814 1249 3884; x_wconf 88' lang='lat' dir='ltr'><strong>mitra</strong></span> <span class='ocrx_word' id='word_1_203' title='bbox 1265 3822 1304 3884; x_wconf 90' lang='lat' dir='ltr'><strong>et</strong></span> <span class='ocrx_word' id='word_1_204' title='bbox 1320 3813 1454 3885; x_wconf 88' lang='lat' dir='ltr'><strong>annulo</strong></span> <span class='ocrx_word' id='word_1_205' title='bbox 1472 3822 1510 3885; x_wconf 90' lang='lat' dir='ltr'><strong>et</strong></span> <span class='ocrx_word' id='word_1_206' title='bbox 1527 3814 1605 3886; x_wconf 88' lang='lat' dir='ltr'><strong>aliis</strong></span> <span class='ocrx_word' id='word_1_207' title='bbox 1622 3815 1888 3908; x_wconf 88' lang='lat' dir='ltr'><strong>pontificalibus</strong></span> <span class='ocrx_word' id='word_1_208' title='bbox 1905 3813 2091 3913; x_wconf 86' lang='lat' dir='ltr'><strong>Insigniis·</strong></span> 
     </span>
    </p>
   </div>
   <div class='ocr_carea' id='block_1_4' title="bbox 532 4042 2097 4319">
    <p class='ocr_par' dir='ltr' id='par_1_5' title="bbox 532 4042 2097 4319">
     <span class='ocr_line' id='line_1_23' title="bbox 532 4042 2093 4177; baseline 0.008 -30"><span class='ocrx_word' id='word_1_209' title='bbox 532 4042 610 4153; x_wconf 61' lang='lat'>192⁴.</span> <span class='ocrx_word' id='word_1_210' title='bbox 643 4058 877 4155; x_wconf 68' lang='lat' dir='ltr'><strong>Benedictus</strong></span> <span class='ocrx_word' id='word_1_211' title='bbox 911 4081 1108 4177; x_wconf 80' lang='lat' dir='ltr'><strong>Episcopus</strong></span> <span class='ocrx_word' id='word_1_212' title='bbox 1141 4082 1263 4155; x_wconf 89' lang='lat' dir='ltr'><strong>servus</strong></span> <span class='ocrx_word' id='word_1_213' title='bbox 1296 4080 1477 4154; x_wconf 87' lang='lat' dir='ltr'><strong>servorum</strong></span> <span class='ocrx_word' id='word_1_214' title='bbox 1509 4084 1566 4155; x_wconf 90' lang='lat' dir='ltr'><strong>dei</strong></span> <span class='ocrx_word' id='word_1_215' title='bbox 1597 4084 1736 4157; x_wconf 75' lang='lat' dir='ltr'><strong>diledtis</strong></span> <span class='ocrx_word' id='word_1_216' title='bbox 1769 4086 1854 4158; x_wconf 88' lang='lat' dir='ltr'><strong>filiis</strong></span> <span class='ocrx_word' id='word_1_217' title='bbox 1883 4086 2093 4167; x_wconf 78' lang='lat' dir='ltr'><strong>Alexandro</strong></span> 
     </span>
     <span class='ocr_line' id='line_1_24' title="bbox 640 4215 2097 4319; baseline 0.005 -28"><span class='ocrx_word' id='word_1_218' title='bbox 640 4219 779 4293; x_wconf 89' lang='lat' dir='ltr'><strong>Abbati</strong></span> <span class='ocrx_word' id='word_1_219' title='bbox 798 4230 836 4293; x_wconf 92' lang='lat' dir='ltr'><strong>et</strong></span> <span class='ocrx_word' id='word_1_220' title='bbox 853 4221 1048 4292; x_wconf 90' lang='lat' dir='ltr'><strong>conventui</strong></span> <span class='ocrx_word' id='word_1_221' title='bbox 1066 4215 1271 4291; x_wconf 83' lang='lat' dir='ltr'><strong>monasterii</strong></span> <span class='ocrx_word' id='word_1_222' title='bbox 1284 4220 1329 4289; x_wconf 93' lang='lat' dir='ltr'><strong>de</strong></span> <span class='ocrx_word' id='word_1_223' title='bbox 1342 4218 1461 4290; x_wconf 88' lang='lat' dir='ltr'><strong>Scona</strong></span> <span class='ocrx_word' id='word_1_224' title='bbox 1478 4220 1612 4292; x_wconf 88' lang='lat' dir='ltr'><strong>ordinis</strong></span> <span class='ocrx_word' id='word_1_225' title='bbox 1630 4220 1754 4295; x_wconf 71' lang='lat' dir='ltr'><strong>Sandi</strong></span> <span class='ocrx_word' id='word_1_226' title='bbox 1771 4222 1965 4319; x_wconf 84' lang='lat' dir='ltr'><strong>Augustini</strong></span> <span class='ocrx_word' id='word_1_227' title='bbox 1984 4224 2097 4299; x_wconf 85' lang='lat' dir='ltr'><strong>Seno·</strong></span> 
     </span>
    </p>
   </div>
   <div class='ocr_carea' id='block_1_5' title="bbox 579 4352 2098 4993">
    <p class='ocr_par' dir='ltr' id='par_1_6' title="bbox 579 4352 2098 4993">
     <span class='ocr_line' id='line_1_25' title="bbox 641 4352 2096 4455; baseline 0.004 -27"><span class='ocrx_word' id='word_1_228' title='bbox 641 4357 803 4429; x_wconf 85' lang='lat' dir='ltr'><strong>tiendree</strong></span> <span class='ocrx_word' id='word_1_229' title='bbox 821 4352 970 4429; x_wconf 87' lang='lat' dir='ltr'><strong>diocesis</strong></span> <span class='ocrx_word' id='word_1_230' title='bbox 988 4356 1153 4429; x_wconf 88' lang='lat' dir='ltr'><strong>Salutem</strong></span> <span class='ocrx_word' id='word_1_231' title='bbox 1172 4364 1210 4427; x_wconf 90' lang='lat' dir='ltr'><strong>et</strong></span> <span class='ocrx_word' id='word_1_232' title='bbox 1233 4353 1463 4449; x_wconf 79' lang='lat' dir='ltr'><strong>apostolicam</strong></span> <span class='ocrx_word' id='word_1_233' title='bbox 1488 4357 1776 4431; x_wconf 73' lang='lat' dir='ltr'><strong>benedittionem</strong></span> <span class='ocrx_word' id='word_1_234' title='bbox 1802 4360 1964 4455; x_wconf 84' lang='lat' dir='ltr'><strong>exposcit</strong></span> <span class='ocrx_word' id='word_1_235' title='bbox 1989 4363 2096 4435; x_wconf 90' lang='lat' dir='ltr'><strong>devo-</strong></span> 
     </span>
     <span class='ocr_line' id='line_1_26' title="bbox 641 4488 2096 4589; baseline 0.004 -26"><span class='ocrx_word' id='word_1_236' title='bbox 641 4496 750 4563; x_wconf 88' lang='lat' dir='ltr'><strong>tionis</strong></span> <span class='ocrx_word' id='word_1_237' title='bbox 775 4490 891 4565; x_wconf 88' lang='lat' dir='ltr'><strong>vestre</strong></span> <span class='ocrx_word' id='word_1_238' title='bbox 917 4488 1100 4565; x_wconf 84' lang='lat' dir='ltr'><strong>srnceritns</strong></span> <span class='ocrx_word' id='word_1_239' title='bbox 1126 4505 1165 4565; x_wconf 88' lang='lat' dir='ltr'><strong>et</strong></span> <span class='ocrx_word' id='word_1_240' title='bbox 1191 4491 1390 4589; x_wconf 85' lang='lat' dir='ltr'><strong>Religionis</strong></span> <span class='ocrx_word' id='word_1_241' title='bbox 1420 4504 1646 4586; x_wconf 88' lang='lat' dir='ltr'><strong>promeretur</strong></span> <span class='ocrx_word' id='word_1_242' title='bbox 1670 4494 1836 4569; x_wconf 87' lang='lat' dir='ltr'><strong>honestas</strong></span> <span class='ocrx_word' id='word_1_243' title='bbox 1862 4510 2006 4572; x_wconf 89' lang='lat' dir='ltr'><strong>uttam</strong></span> <span class='ocrx_word' id='word_1_244' title='bbox 2033 4522 2096 4571; x_wconf 91' lang='lat' dir='ltr'><strong>vos</strong></span> 
     </span>
     <span class='ocr_line' id='line_1_27' title="bbox 579 4626 2098 4724; baseline 0.007 -25"><span class='ocrx_word' id='word_1_245' title='bbox 579 4627 583 4635; x_wconf 84' lang='lat'>&#39;</span> <span class='ocrx_word' id='word_1_246' title='bbox 641 4652 729 4721; x_wconf 88' lang='lat' dir='ltr'><strong>quos</strong></span> <span class='ocrx_word' id='word_1_247' title='bbox 754 4626 897 4724; x_wconf 89' lang='lat' dir='ltr'><strong>speciali</strong></span> <span class='ocrx_word' id='word_1_248' title='bbox 923 4628 1115 4701; x_wconf 73' lang='lat' dir='ltr'><strong>dilectione</strong></span> <span class='ocrx_word' id='word_1_249' title='bbox 1139 4629 1387 4723; x_wconf 89' lang='lat' dir='ltr'><strong>prosequimur</strong></span> <span class='ocrx_word' id='word_1_250' title='bbox 1412 4653 1521 4723; x_wconf 85' lang='lat' dir='ltr'><strong>quem</strong></span> <span class='ocrx_word' id='word_1_251' title='bbox 1548 4629 1803 4706; x_wconf 89' lang='lat' dir='ltr'><strong>monasterium</strong></span> <span class='ocrx_word' id='word_1_252' title='bbox 1830 4631 1986 4708; x_wconf 81' lang='lat' dir='ltr'><strong>vestrum</strong></span> <span class='ocrx_word' id='word_1_253' title='bbox 2013 4660 2098 4708; x_wconf 92' lang='lat' dir='ltr'><strong>con·</strong></span> 
     </span>
     <span class='ocr_line' id='line_1_28' title="bbox 641 4764 2097 4867; baseline 0.007 -31"><span class='ocrx_word' id='word_1_254' title='bbox 641 4766 757 4861; x_wconf 89' lang='lat' dir='ltr'><strong>dignis</strong></span> <span class='ocrx_word' id='word_1_255' title='bbox 773 4766 968 4839; x_wconf 90' lang='lat' dir='ltr'><strong>honoribus</strong></span> <span class='ocrx_word' id='word_1_256' title='bbox 986 4764 1196 4837; x_wconf 86' lang='lat' dir='ltr'><strong>attollamus</strong></span> <span class='ocrx_word' id='word_1_257' title='bbox 1222 4766 1322 4841; x_wconf 90' lang='lat' dir='ltr'><strong>Hinc</strong></span> <span class='ocrx_word' id='word_1_258' title='bbox 1339 4765 1392 4839; x_wconf 90' lang='lat' dir='ltr'><strong>est</strong></span> <span class='ocrx_word' id='word_1_259' title='bbox 1409 4769 1506 4861; x_wconf 91' lang='lat' dir='ltr'><strong>quod</strong></span> <span class='ocrx_word' id='word_1_260' title='bbox 1524 4791 1588 4840; x_wconf 90' lang='lat' dir='ltr'><strong>uos</strong></span> <span class='ocrx_word' id='word_1_261' title='bbox 1607 4767 1732 4841; x_wconf 87' lang='lat' dir='ltr'><strong>vestris</strong></span> <span class='ocrx_word' id='word_1_262' title='bbox 1751 4773 1789 4843; x_wconf 92' lang='lat' dir='ltr'><strong>in</strong></span> <span class='ocrx_word' id='word_1_263' title='bbox 1806 4773 1874 4845; x_wconf 88' lang='lat' dir='ltr'><strong>hac</strong></span> <span class='ocrx_word' id='word_1_264' title='bbox 1897 4785 2000 4867; x_wconf 88' lang='lat' dir='ltr'><strong>parte</strong></span> <span class='ocrx_word' id='word_1_265' title='bbox 2016 4772 2097 4867; x_wconf 91' lang='lat' dir='ltr'><strong>sup-</strong></span> 
     </span>
     <span class='ocr_line' id='line_1_29' title="bbox 642 4899 2097 4993; baseline 0.009 -24"><span class='ocrx_word' id='word_1_266' title='bbox 642 4899 894 4993; x_wconf 87' lang='lat' dir='ltr'><strong>plicationibus</strong></span> <span class='ocrx_word' id='word_1_267' title='bbox 912 4903 1075 4974; x_wconf 78' lang='lat' dir='ltr'><strong>inclinati</strong></span> <span class='ocrx_word' id='word_1_268' title='bbox 1093 4911 1135 4972; x_wconf 92' lang='lat' dir='ltr'><strong>ut</strong></span> <span class='ocrx_word' id='word_1_269' title='bbox 1154 4911 1195 4973; x_wconf 91' lang='lat' dir='ltr'><strong>tu</strong></span> <span class='ocrx_word' id='word_1_270' title='bbox 1213 4903 1264 4975; x_wconf 87' lang='lat' dir='ltr'><strong>lili</strong></span> <span class='ocrx_word' id='word_1_271' title='bbox 1283 4903 1409 4975; x_wconf 85' lang='lat' dir='ltr'><strong>Abbas</strong></span> <span class='ocrx_word' id='word_1_272' title='bbox 1426 4912 1469 4974; x_wconf 93' lang='lat' dir='ltr'><strong>ut</strong></span> <span class='ocrx_word' id='word_1_273' title='bbox 1486 4900 1697 4977; x_wconf 87' lang='lat' dir='ltr'><strong>successores</strong></span> <span class='ocrx_word' id='word_1_274' title='bbox 1714 4909 1770 4978; x_wconf 91' lang='lat' dir='ltr'><strong>tui</strong></span> <span class='ocrx_word' id='word_1_275' title='bbox 1787 4908 1873 4981; x_wconf 73' lang='lat' dir='ltr'><strong>dini</strong></span> <span class='ocrx_word' id='word_1_276' title='bbox 1894 4907 2097 4982; x_wconf 86' lang='lat' dir='ltr'><strong>monasterii</strong></span> 
     </span>
    </p>
   </div>
   <div class='ocr_carea' id='block_1_6' title="bbox 0 0 2464 6505">
    <p class='ocr_par' dir='ltr' id='par_1_7' title="bbox 0 0 2464 6505">
     <span class='ocr_line' id='line_1_30' title="bbox 0 0 2464 6505; baseline 0 0"><span class='ocrx_word' id='word_1_277' title='bbox 0 0 2464 6505; x_wconf 95' lang='lat' dir='ltr'><strong> </strong></span> 
     </span>
    </p>
   </div>
  </div>
 </body>
</html>
