4917 6509
351 849 435 900 asc.
454 850 540 901 ROB.
556 851 611 901 ιιι.
769 830 805 901 S.
833 827 1130 900 TRINITATIS
1156 826 1225 897 DE
1252 827 1399 900 SOON.
1735 837 1805 907 157

350 1040 389 1100 et
415 1034 500 1101 unio
517 1032 674 1126 predidte
692 1030 808 1101 eidem
826 1024 1039 1099 monasterio
1064 1029 1204 1111 modice
1230 1027 1398 1098 utilitatis
1423 1026 1582 1099 existunt
1606 1028 1725 1112 Quare
1742 1052 1805 1120 pro

351 1178 453 1261 parte
470 1169 646 1239 diciorum
669 1166 826 1239 Abbatis
850 1176 888 1237 et
914 1175 1111 1236 conventus
1135 1166 1238 1236 nobis
1266 1166 1335 1236 suit
1360 1165 1546 1237 humiliter
1566 1164 1806 1260 supplicatum

354 1315 395 1376 ut
420 1308 471 1377 eis
496 1307 694 1377 concedere
719 1329 760 1376 ac
786 1301 942 1376 statuero
968 1313 1006 1374 et
1032 1303 1194 1375 ordinare
1220 1304 1315 1395 quod
1342 1301 1416 1396 ipse
1442 1303 1567 1375 Abbas
1592 1315 1630 1374 et
1653 1302 1706 1374 sui
1728 1303 1805 1374 suc-

352 1440 499 1515 cessores
517 1445 601 1515 didi
619 1441 822 1536 monasterij
838 1443 1002 1514 Abbates
1014 1440 1093 1535 post
1106 1440 1272 1513 effessum
1286 1444 1497 1514 annexionis
1513 1453 1551 1513 et
1569 1444 1710 1514 unionis
1728 1466 1805 1535 pre-

352 1583 527 1653 disiorum
545 1582 589 1653 ad
607 1584 775 1654 vicariam
793 1583 830 1652 in
849 1582 943 1653 dica
960 1576 1108 1652 ecclesia
1124 1604 1169 1649 ex
1188 1581 1348 1673 predista
1363 1582 1528 1672 portione
1548 1578 1804 1652 instituendam

353 1743 435 1791 cum
452 1717 500 1791 fic
524 1717 688 1792 instituta
712 1723 821 1792 suerit
847 1721 942 1812 quod
965 1719 1132 1811 quotiens
1158 1742 1237 1788 eam
1260 1741 1386 1789 vacare
1410 1720 1601 1814 contigerit
1624 1742 1737 1790 unum
1758 1744 1804 1789 ex

352 1861 533 1931 canonicis
551 1860 634 1931 dieti
652 1856 854 1952 monasterij
872 1858 1053 1952 ydoneum
1069 1854 1209 1949 prefato
1223 1852 1386 1948 episcopo
1404 1865 1442 1927 et
1459 1858 1536 1949 ejus
1553 1852 1805 1928 successoribus

351 1994 606 2069 Sandiandree
635 1994 816 2091 Episcopis
850 2013 1024 2090 perpetuo
1058 1996 1151 2065 infra
1186 2002 1330 2087 tempus
1364 1994 1568 2088 legitimum
1601 1993 1806 2089 presentare

352 2131 482 2227 possint
501 2132 642 2230 Ipsique
664 2134 858 2229 Episcopus
876 2146 914 2207 et
930 2130 1138 2207 successores
1155 2133 1345 2203 canonicos
1362 2130 1453 2226 ipsos
1476 2129 1524 2204 sic
1550 2130 1805 2227 presentandos

353 2273 398 2343 ad
425 2272 625 2367 hujusmodi
655 2270 938 2366 presentationas
968 2273 1005 2341 in
1031 2280 1225 2364 perpetuos
1256 2271 1404 2341 vicarios
1429 2267 1537 2365 ipsius
1563 2270 1723 2344 Ecclesia
1753 2275 1807 2343 in-

355 2376 503 2482 stituere
534 2421 728 2483 teneantur
753 2450 760 2465 ·
788 2410 837 2481 Et
864 2412 960 2504 qnod
988 2411 1119 2481 vicaria
1144 2407 1218 2501 ipsa
1243 2432 1307 2502 per
1336 2408 1428 2502 ipsos
1455 2412 1645 2481 canonicos
1674 2415 1749 2505 regi
1767 2423 1806 2481 et

251 2568 254 2575 ·
355 2570 439 2619 cura
472 2550 669 2619 animarum
696 2549 991 2641 parochianorum
1022 2542 1130 2639 ipsius
1156 2549 1316 2617 exerceri
1343 2547 1486 2618 valeant
1511 2547 1556 2619 de
1582 2549 1806 2643 benignitate

355 2682 548 2778 apostolica
567 2686 796 2780 dignaremur
823 2685 901 2756 Nos
925 2687 1036 2781 igitur
1059 2683 1188 2777 prefati
1215 2682 1417 2778 monasterij
1446 2685 1624 2757 utilitates
1649 2697 1687 2758 et
1712 2711 1809 2758 com·

355 2824 462 2893 moda
478 2832 653 2915 quantum
672 2846 754 2893 cum
772 2824 839 2893 deo
856 2817 1025 2915 possimus
1041 2845 1231 2915 procurare
1249 2824 1435 2915 cupientes
1460 2823 1661 2918 hujusmodi
1677 2824 1808 2919 suppli·

356 2961 556 3031 sationibus
581 2960 743 3031 inolinati
769 2956 901 3031 eisdem
929 2960 1067 3032 Abbati
1094 2970 1131 3031 et
1157 2963 1351 3031 couventui
1378 2956 1571 3054 apostolica
1595 2965 1807 3035 austoritate

355 3098 585 3168 concedimus
611 3122 652 3168 cc
680 3094 868 3169 statuimus
896 3108 934 3169 et
960 3100 1071 3169 etiam
1096 3097 1302 3168 ordinamus
1324 3100 1420 3189 quod
1442 3098 1594 3191 predidii
1617 3100 1743 3172 Abbas
1769 3112 1807 3172 et

356 3232 566 3307 successores
582 3232 634 3306 sui
652 3237 697 3307 ad
715 3233 848 3307 disiani
866 3238 1032 3307 vicariam
1050 3256 1133 3306 cuin
1156 3229 1322 3305 instituta
1345 3237 1454 3307 fuerit
1475 3250 1513 3309 et
1539 3243 1704 3331 quotiens
1727 3264 1807 3312 eam

356 3394 481 3443 vacare
499 3372 691 3465 contigerit
708 3380 750 3441 ut
770 3369 949 3463 prefertur
964 3394 1076 3442 unum
1094 3372 1305 3441 canonicum
1323 3372 1502 3465 ydoneum
1519 3376 1668 3469 prodisti
1686 3401 1809 3450 mona-

220 3504 224 3511 ’
356 3506 450 3603 sterij
478 3510 624 3603 prelatis
651 3506 825 3601 Episcopo
851 3521 889 3580 et
914 3504 1164 3580 successoribus
1195 3505 1265 3579 suis
1299 3514 1506 3582 memoratis
1530 3512 1733 3607 presentare
1766 3542 1808 3588 ac

356 3641 420 3739 ipsi
448 3642 643 3740 Episcopus
669 3656 707 3716 et
733 3646 810 3739 ejus
835 3641 1045 3717 successores
1070 3648 1260 3718 canonicos
1286 3650 1348 3739 qui
1374 3645 1421 3719 sic
1445 3646 1746 3743 presentabuntur
1770 3657 1808 3725 iu

358 3784 507 3857 vicarios
517 3781 625 3879 ipsius
635 3780 783 3855 ecclesie
796 3781 983 3879 instituere
997 3795 1034 3855 et
1048 3782 1151 3855 Idem
1164 3787 1326 3856 canonici
1340 3783 1388 3857 sic
1400 3786 1633 3879 presentandi
1641 3794 1807 3863 vicariam

357 3946 480 4018 regere
498 3936 536 3994 et
553 3945 673 3995 curani
693 3922 868 4015 predidtas
882 3945 1050 3993 exercere
1064 3917 1193 4015 possint
1206 3930 1248 3991 ut
1261 3924 1464 4014 prefertur·
1484 3926 1570 3998 Non
1583 3900 1808 4002 obstantibus

357 4060 638 4154 quibuscumque
655 4056 970 4131 constitutionibus
987 4055 1186 4153 apostolicis
1204 4082 1246 4129 ac
1270 4057 1415 4132 statutis
1432 4074 1469 4134 et
1492 4063 1808 4158 consuetudinibus

357 4196 561 4292 monasterij
596 4208 634 4269 et
669 4198 801 4267 ordinis
827 4198 1066 4289 predisiorum
1091 4197 1277 4267 contrariis
1304 4198 1512 4289 juramento
1538 4203 1808 4277 confirmatione

358 4333 551 4429 apostolica
567 4336 624 4407 vel
642 4357 853 4427 quacunque
870 4334 1042 4405 firmitate
1059 4334 1129 4406 alia
1144 4334 1319 4405 roboratis
1337 4360 1378 4406 cc
1403 4339 1598 4436 privilegiis
1619 4324 1808 4441 indulgeu-

359 4475 419 4544 tiis
433 4482 471 4543 et
488 4472 619 4543 litteris
632 4467 833 4564 apostolicis
849 4469 1077 4564 generalibus
1092 4469 1147 4542 vel
1162 4472 1376 4565 specialibus
1387 4498 1694 4575 quarumcumque
1707 4495 1809 4557 teno-

357 4634 448 4703 rum,
461 4608 617 4683 existunt
640 4631 780 4680 necnon
804 4605 1038 4681 observantiis
1060 4620 1099 4680 et
1122 4608 1437 4704 prescriptiouibus
1462 4638 1613 4709 perque
1635 4618 1808 4713 presenti-

357 4752 424 4823 bus
441 4772 513 4820 uon
531 4742 691 4841 expressa
707 4743 764 4819 vel
783 4745 944 4817 totaliter
960 4768 1033 4816 non
1050 4743 1181 4819 inserta
1198 4746 1346 4821 assedus
1368 4773 1489 4822 earum
1508 4756 1671 4848 impediri
1690 4759 1808 4832 valeat

357 4885 626 4981 quomodolibet
661 4881 719 4955 vel
753 4882 885 4955 differri
918 4894 957 4957 et
992 4884 1036 4955 de
1075 4885 1204 4977 quibus
1242 4910 1466 4991 quorumque
1503 4893 1591 4963 totis
1625 4899 1808 4969 tenoribus

357 5026 520 5099 habenda
537 5020 582 5095 sit
600 5025 637 5093 in
656 5018 782 5093 nostris
800 5022 931 5093 litteris
951 5023 1089 5093 mentio
1115 5024 1278 5117 specialis
1297 5024 1377 5137 Ncs
1402 5030 1499 5099 euim
1525 5054 1570 5101 ex
1589 5054 1685 5105 nuuc
1702 5036 1809 5106 irriti-
