4917 6509
714 818 762 884 ut
1225 810 1382 885 LIBER
1407 810 1654 887 ECCLESIE
2004 836 2081 888 unc.
2099 836 2169 888 x11.

717 1156 825 1227 Otrta
843 1153 1023 1227 Willelmi
1043 1153 1154 1249 Regis
1171 1154 1216 1225 de
1235 1152 1316 1225 Nor
1331 1154 1477 1226 homine
1494 1154 1652 1227 Abbatis
1670 1157 1716 1227 de
1733 1154 1863 1229 Scono.

644 1436 692 1501 34
717 1408 940 1502 Willelmus
958 1430 1040 1500 Rex
1058 1428 1269 1503 Scottorum
1295 1430 1463 1501 omnibus
1487 1429 1608 1521 probis
1632 1430 1840 1503 hominibus
1860 1433 1974 1504 totius
1996 1442 2092 1506 terre
2108 1431 2170 1505 sue

715 1568 867 1642 salutern
918 1567 1050 1639 Sciatis
1067 1590 1126 1638 me
1144 1568 1310 1659 quietum
1336 1563 1500 1638 clamciie
1518 1565 1598 1637 Nor
1614 1568 1798 1638 hominem
1815 1567 1972 1641 Abbatis
1990 1571 2035 1641 de
2052 1569 2170 1643 Soone

716 1708 761 1779 de
787 1707 993 1799 calumpnia
1018 1728 1124 1798 quom
1151 1705 1261 1777 habui
1279 1703 1401 1776 versus
1427 1727 1512 1775 eum
1529 1706 1699 1777 veniendi
1724 1708 1763 1777 in
1780 1704 1987 1779 Morouiom
2049 1708 2170 1793 Quare

716 1845 796 1915 volo
814 1854 852 1916 et
869 1844 1026 1938 precipio
1053 1853 1095 1915 ιιι
1120 1839 1269 1916 ecclesia
1286 1843 1332 1915 de
1349 1840 1469 1915 Soone
1486 1852 1525 1915 et
1543 1840 1670 1915 Abbos
1686 1840 1846 1915 eiusdem
1865 1841 2016 1917 ecclefie
2032 1846 2171 1938 predic·

715 1993 794 2053 tum
809 1982 888 2053 Nar
905 1992 943 2053 et
960 1982 1110 2053 heredes
1127 1979 1208 2053 suos
1225 1980 1359 2053 liberos
1371 1989 1410 2053 et
1427 1978 1562 2052 solutos
1578 2004 1601 2052 ιι
1617 2002 1677 2051 me
1694 1990 1734 2053 et
1750 1982 1797 2055 ob
1814 1982 2008 2055 heredibus
2025 1984 2115 2055 meis
2130 1986 2168 2055 in

715 2129 931 2213 perpetuum
961 2120 1119 2191 habeant
1178 2114 1344 2191 'Postibus
1366 2116 1528 2190 ‘Andreo
1554 2116 1732 2213 Episcopo
1770 2120 1816 2191 de
1845 2118 2003 2193 cotenes
2033 2118 2170 2193 Nichoi

714 2258 927 2331 cancellario
946 2256 1099 2329 Matheo
1126 2257 1305 2329 archidiae
1323 2256 1581 2329 Soudiandree
1598 2253 1754 2329 Ricordo
1773 2258 1819 2329 de
1837 2255 2015 2329 Moreuffl
2031 2254 2169 2329 consto-

714 2395 853 2467 bulorio
871 2394 992 2467 Dauid
1011 2392 1151 2467 Olifard
1175 2394 1200 2466 J
1203 2392 1381 2466 usticicrio
1405 2392 1574 2467 Woltero
1598 2394 1674 2465 filio
1705 2394 1818 2467 Alani
1843 2394 2018 2489 Dapifero
2044 2390 2168 2467 Neffio

716 2534 791 2605 iilio
820 2533 1001 2605 Willelmi
1032 2530 1159 2605 Ornuo
1187 2532 1233 2605 de
1263 2532 1460 2605 Abernithi
1488 2528 1672 2604 Gillecrist
1705 2532 1751 2605 de
1784 2555 1865 2605 meo
1899 2534 2000 2605 inien
2032 2531 2168 2605 samuel

715 2672 825 2765 Apud
844 2671 965 2743 Perth.

713 2946 823 3019 &arta
841 2946 1023 3019 Willelmi
1041 2945 1153 3041 Regis
1171 2946 1216 3017 de
1234 2945 1440 3017 hominibus
1457 2946 1619 3041 fugitivis
1636 2956 1674 3019 et
1692 2946 1737 3019 de
1754 2947 1900 3021 auxilio.

642 3210 686 3274 35
713 3198 938 3295 Willelmus
955 3224 1013 3295 dei
1030 3224 1146 3317 gratio
1163 3220 1246 3293 Rex
1263 3219 1473 3317 Scottorum
1490 3223 1657 3295 omnibus
1682 3223 1803 3317 probis
1828 3224 2033 3297 hominibus
2054 3226 2167 3297 totius

712 3371 808 3432 terre
825 3360 886 3431 sue
902 3358 1055 3431 salutem
1105 3360 1244 3441 mondo
1267 3368 1305 3429 et
1321 3358 1473 3429 firmiter
1497 3346 1656 3453 precipio
1673 3370 1716 3431 ut
1733 3360 1953 3453 ubicumque
1970 3360 2097 3434 Ab'boe
2121 3364 2167 3434 de

713 3498 832 3571 Scone
849 3506 912 3569 aut
930 3495 1084 3569 serviens
1102 3496 1179 3567 eins
1196 3495 1359 3566 invenire
1375 3494 1535 3587 poterint
1551 3496 1716 3569 homines
1733 3500 1795 3589 qui
1813 3520 1877 3590 pro
1890 3497 2026 3569 auxilio
2038 3523 2060 3571 a
2072 3509 2168 3573 terro

711 3636 774 3708 suo
804 3636 963 3731 fugerint
987 3630 1175 3727 postquem
1201 3631 1378 3703 auxilium
1403 3627 1544 3705 offisum
1566 3632 1677 3705 fuerit
1702 3633 1798 3726 opud
1825 3634 1986 3706 Murelb.
2015 3637 2167 3709 odeum

712 3785 750 3847 et
777 3776 823 3847 ad
848 3782 983 3845 terram
1004 3769 1104 3843 sunm
1129 3770 1280 3843 redeant
1297 3778 1336 3843 et
1353 3793 1437 3843 cum
1454 3794 1498 3843 eo
1514 3766 1586 3842 fint
1603 3768 1787 3863 quousque
1811 3772 1989 3845 auxilium
2014 3775 2168 3847 eddntur

712 3913 762 3985 Et
779 3912 950 4007 prohibeo
968 3910 1120 3981 firmiter
1136 3932 1182 3981 ne
1200 3930 1262 3981 eos
1279 3909 1314 3979 ei
1330 3903 1460 4001 injuste
1485 3906 1615 4000 uliquis
1640 3909 1803 3981 detinent
1820 3907 1926 4005 snper
1950 3866 2167 4006 mea‘nsple

713 4052 850 4124 nariam
873 4046 1130 4121 foriffodturnm
1182 4044 1244 4119 Ito
1267 4055 1393 4119 tomen
1417 4046 1515 4139 quod
1530 4041 1558 4117 fi
1575 4046 1703 4140 aliquis
1727 4047 1873 4141 aliquod
1887 4050 1949 4142 jus
1970 4051 2009 4121 in
2026 4052 2079 4123 eis
2095 4049 2167 4122 cla·

710 4192 865 4262 moverit
898 4184 978 4281 post
1007 4185 1222 4259 solutionem
1257 4184 1383 4278 auxilij
1413 4185 1448 4255 ei
1479 4186 1618 4257 redium
1657 4187 1742 4259 iude
1775 4195 1945 4261 teneatur
2002 4186 2166 4262 'festibus

712 4326 870 4421 Hugone
883 4323 1097 4399 cancellario
1115 4294 1255 4405 meost)
1271 4322 1347 4395 filio
1363 4324 1506 4397 comitis
1524 4322 1715 4397 Duneeoni
1766 4324 1877 4419 Apud
1895 4296 2031 4399 For-ior.

711 4603 822 4675 Θιιιι
839 4600 1020 4673 Willelmi
1037 4601 1149 4696 Regis
1167 4600 1213 4672 de
1230 4598 1435 4673 Curnloweu
1451 4607 1491 4673 et
1507 4598 1742 4673 Cumherbee.

640 4869 685 4939 36
711 4856 777 4952 W
792 4920 800 4935 ·
818 4878 901 4951 nex
928 4873 1033 4949 scoto
1059 4874 1188 4969 onuq
1212 4874 1301 4967 pus
1317 4875 1422 4968 hoibq
1446 4876 1539 4947 totu
1556 4873 1683 4948 scocie
1699 4915 1707 4930 ·
1725 4871 1779 4947 nr
1795 4915 1803 4930 ·
1820 4877 1959 4959 ιιιιιιο
1975 4888 2000 4945 ι
2015 4875 2167 4991 firmiter

710 5000 830 5113 ficipio
848 5056 855 5073 ·
874 5018 971 5087 utin
989 5010 1324 5108 cui9coqnestrum
1343 5021 1441 5085 terro
1464 5021 1528 5085 out
1553 5009 1733 5107 potestate
1759 5012 1885 5086 Abbes
1911 5013 1956 5086 de
1982 5011 2078 5085 Scon
2103 5021 2166 5084 cut
