4917 6509
309 962 394 1013 seo.
414 962 521 1013 saux.
542 964 599 1013 111.
726 941 764 1014 s,
790 916 1089 1013 valameris
1113 938 1356 1070 nasoon.
1428 986 1434 992 -
1720 949 1767 1021 77

307 1140 520 1213 clericorum
546 1143 608 1233 qui
633 1140 679 1211 ad
705 1140 848 1211 ordines
874 1138 1010 1211 fuerint
1035 1140 1271 1232 promovendi
1296 1164 1320 1211 a
1344 1136 1541 1233 dyocesano
1568 1136 1766 1234 suscipietis

308 1277 484 1374 Episcopo
520 1275 547 1350 fi
581 1278 727 1371 quidem
761 1277 960 1350 catholicus
993 1276 1103 1349 fuerit
1137 1285 1175 1347 et
1208 1277 1362 1371 gratiam
1397 1285 1435 1348 et
1472 1280 1763 1349 communionem

307 1412 526 1487 sacrosantte
551 1412 644 1488 sedis
670 1415 836 1487 Romane
862 1416 1027 1487 babuerit
1054 1422 1092 1485 et
1116 1436 1160 1485 ea
1181 1415 1284 1486 vobis
1308 1413 1465 1487 voluerit
1490 1411 1566 1487 fine
1586 1416 1766 1509 pravitate

307 1553 470 1645 qualibet
495 1553 667 1626 exhibere
731 1550 968 1625 Prohibemus
993 1548 1137 1645 iusuper
1161 1560 1203 1623 ut
1229 1552 1324 1623 infra
1348 1552 1438 1623 fines
1462 1553 1630 1646 parochie
1650 1550 1766 1626 vestre

307 1690 428 1763 nullus
447 1685 522 1762 fine
538 1686 673 1763 assensu
700 1687 887 1784 dyocesani
914 1687 1081 1783 Episcopi
1099 1697 1138 1760 et
1155 1684 1271 1761 vestro
1296 1688 1473 1782 capellam
1490 1688 1552 1762 seu
1570 1693 1765 1763 oratorium

307 1830 353 1900 de
382 1852 477 1901 novo
507 1825 712 1901 construere
742 1829 874 1901 audeat
904 1824 1009 1900 solvis
1043 1827 1241 1922 privilegiis
1273 1827 1486 1920 pontificum
1517 1828 1764 1901 Romanorum

306 1965 367 2039 Ad
402 1966 471 2039 bec
500 1987 611 2037 novas
639 1976 678 2037 et
708 1966 886 2039 indebitas
920 1965 1129 2037 exattiones
1157 1964 1203 2036 ab
1234 1961 1521 2059 Archiepiscopis
1543 1987 1556 2037 s
1581 1963 1765 2061 Episcopis

305 2102 582 2174 Archidiaeonis
606 2101 666 2174 seu
694 2104 839 2175 decanis
865 2099 1013 2195 aliisque
1038 2102 1206 2173 omnibus
1232 2098 1479 2174 ecclesiasticis
1506 2100 1766 2176 secularibusve

305 2236 464 2335 personis
478 2239 613 2311 avobis
626 2239 793 2311 omnibus
811 2239 888 2310 fieri
901 2240 1132 2333 prohibemus
1167 2238 1402 2332 Sepulturam
1415 2264 1559 2333 quoque
1572 2238 1681 2335 ipsius
1695 2242 1764 2315 loci

172 2382 185 2399 '
306 2377 457 2449 liberam
479 2374 548 2449 else
574 2377 801 2450 decernimus
819 2388 860 2449 ut
885 2401 1009 2449 eorum
1036 2376 1220 2448 devotioni
1247 2387 1286 2448 et
1315 2387 1480 2449 extreme
1504 2378 1685 2451 voluntati
1703 2381 1765 2472 qni

304 2510 340 2587 se
358 2514 433 2587 illic
451 2512 593 2610 sepeliri
607 2515 886 2587 deliberaverint
903 2511 970 2586 nisr
984 2514 1077 2586 forte
1095 2516 1402 2587 excommunicati
1416 2516 1475 2587 vel
1491 2516 1676 2587 interditti
1692 2504 1764 2587 svnt

305 2662 369 2725 aut
386 2654 498 2725 etiam
514 2652 660 2747 publice
677 2651 823 2747 usurarij
842 2653 964 2724 nullus
985 2647 1132 2724 obsistat
1195 2650 1307 2725 Salua
1327 2663 1450 2725 tamen
1468 2651 1605 2727 iustitia
1621 2654 1763 2727 illamm

305 2787 534 2863 ecclesiarum
551 2792 720 2883 aquibus
738 2800 962 2861 mortuorum
976 2812 1125 2885 corpora
1140 2784 1365 2862 assumuntur
1413 2790 1585 2865 Decimae
1601 2803 1766 2886 preterea

306 2939 344 3000 et
360 2924 585 3022 possessionen
602 2928 648 3001 ad
659 2929 720 3022 jus
738 2925 967 3001 ecclesiarum
996 2924 1191 3001 vestrarum
1210 2924 1410 3020 spatiantes
1430 2952 1501 3023 que
1518 2954 1541 3009 a
1557 2930 1656 3001 laicis
1674 2931 1779 3006 deti.

305 3077 440 3139 nentur
455 3066 655 3137 redimendi
670 3074 707 3137 et
721 3064 900 3161 legittime
914 3065 1089 3137 liberandi
1108 3064 1152 3135 de
1169 3066 1336 3136 manibus
1349 3088 1474 3137 eorum
1488 3076 1527 3137 et
1539 3067 1586 3138 ad
1599 3064 1766 3140 ecclesias

304 3205 350 3276 ad
368 3226 456 3297 quas
469 3203 655 3297 pertinent
671 3202 863 3275 revocandi
881 3202 993 3275 libera
1009 3198 1054 3273 fit
1068 3202 1169 3273 vobis
1186 3202 1233 3273 de
1249 3198 1370 3273 nostra
1386 3205 1600 3275 austeritate
1612 3204 1766 3277 facultas

304 3340 478 3415 Obeunte
495 3362 580 3411 vero
597 3348 636 3409 te
652 3363 750 3411 nunc
772 3336 930 3433 ejusdem
956 3339 1026 3411 loci
1052 3338 1184 3410 abbate
1201 3339 1260 3411 vel
1285 3349 1432 3411 tuorum
1451 3340 1613 3434 quolibet
1630 3339 1766 3415 sueces-

303 3477 421 3551 sarum
442 3477 566 3548 nullus
587 3478 638 3548 ibi
661 3477 822 3569 qualibet
848 3473 1080 3570 surreptionis
1104 3470 1235 3549 astutia
1259 3472 1322 3547 seu
1347 3476 1520 3550 violentia
1547 3491 1768 3574 preponatur

302 3612 370 3687 nifi
397 3638 506 3709 quem
536 3615 664 3686 fratres
694 3616 875 3685 communi
907 3609 1080 3686 consensu
1106 3610 1163 3684 vel
1190 3614 1342 3685 fratrum
1372 3617 1487 3709 major
1515 3639 1596 3710 pars
1624 3614 1762 3713 confilij

303 3751 451 3826 sanioris
468 3748 664 3823 secundum
683 3751 793 3822 deum·
809 3760 847 3822 et
864 3751 962 3822 beati
980 3747 1176 3844 Augustini
1190 3750 1371 3845 Regulam
1387 3753 1610 3846 providerint
1628 3754 1764 3850 eligen-

308 3892 394 3962 dum
459 3889 545 3960 Paci
562 3912 705 3982 quoque
719 3897 757 3960 et
774 3888 1030 3982 tranquillitati
1048 3884 1164 3959 vestre
1174 3896 1326 3981 patema
1341 3891 1380 3959 in
1397 3887 1580 3982 posterum
1596 3887 1767 3962 sollicitu-

304 4028 388 4099 dine
413 4026 600 4120 providere
618 4026 782 4097 volentes
799 4028 1012 4098 austeritate
1039 4021 1232 4118 apostolica
1252 4025 1483 4118 prohibemus
1500 4035 1543 4096 ut
1559 4027 1653 4098 infra
1669 4028 1766 4101 clau·

303 4164 401 4237 suras
439 4164 600 4235 locorum
626 4160 687 4233 seu
713 4165 940 4258 grangiarum
972 4160 1169 4235 vestrarum
1199 4160 1322 4232 nullus
1349 4164 1509 4255 rapinam
1537 4160 1599 4235 seu
1627 4164 1765 4237 fantum

304 4306 422 4375 facere
437 4322 449 4373 s
466 4304 586 4397 ignem
613 4322 793 4394 apponere
818 4297 1028 4395 sanguinem
1055 4297 1206 4369 sundere
1232 4335 1241 4353 ·
1266 4297 1448 4370 hominem
1474 4308 1613 4371 temere
1638 4324 1765 4395 capere

302 4440 363 4513 vel
380 4438 583 4513 interlicere
594 4436 655 4510 seu
672 4438 883 4509 violentiam
901 4438 1033 4510 audeat
1047 4458 1215 4507 exercere
1251 4434 1422 4507 Preterea
1435 4458 1561 4507 omues
1578 4436 1765 4511 libertates

304 4588 342 4651 et
359 4579 610 4649 immunitates
635 4598 657 4647 a
681 4570 983 4667 predecessoribus
1003 4569 1133 4644 nostris
1160 4571 1334 4644 Romanis
1361 4572 1599 4646 Pontificibus
1616 4570 1765 4648 ecclesie

304 4712 420 4788 vestre
433 4708 611 4787 concessas
627 4734 769 4783 necnon
787 4712 973 4783 libertates
986 4721 1025 4783 et
1043 4711 1292 4803 exemptiones
1308 4706 1521 4781 secularium
1535 4713 1765 4783 exactionum

303 4850 504 4949 aRegibus
529 4859 569 4923 et
593 4849 813 4944 principibus
835 4858 873 4921 et
893 4848 972 4921 aliis
998 4844 1165 4919 fidelibus
1190 4846 1453 4919 rationabiliter
1478 4846 1579 4918 vobis
1603 4846 1761 4919 indultas

303 4990 520 5063 auetoritate
545 4984 740 5081 apostolica
763 4960 1016 5058 coniimramus
1042 4992 1080 5057 et
1106 4980 1282 5077 presentis
1306 4978 1429 5076 scripti
1454 4982 1642 5079 privilegio
1667 5007 1764 5057 oom-

303 5128 487 5200 munimus
513 5125 753 5197 Decerninrus
772 5146 856 5219 ergo
881 5132 924 5196 ut
949 5122 1042 5195 nulli
1067 5122 1214 5193 omnino
1240 5120 1429 5192 bominum
1454 5120 1563 5193 liceat
1587 5121 1763 5216 prefatam
