4917 6509
305 854 389 907 aso.
402 854 488 909 nos.
501 855 525 905 1.
719 832 755 906 S.
782 832 1080 907 TRINITATIS
1107 832 1176 905 DE
1202 832 1349 907 SGON.

303 1171 413 1243 Carta
428 1170 718 1243 confirmationis
736 1168 886 1241 Robe'rti
905 1168 1015 1265 Regis
1031 1166 1137 1263 super
1154 1171 1264 1242 Carta
1282 1169 1470 1243 Malcolmi
1488 1171 1607 1265 Regis.

203 1441 273 1511 129
305 1422 501 1519 Robcrtus
518 1446 575 1517 dei
592 1446 708 1541 gratia
724 1443 806 1517 Rex
822 1443 1039 1523 ¹Scottorum
1067 1442 1245 1516 Omnibus
1270 1445 1389 1538 probis
1413 1444 1618 1516 hominibus
1643 1445 1754 1515 totius

303 1596 399 1657 terre
415 1580 477 1657 sue
495 1583 633 1657 clericis
650 1593 689 1655 et
706 1582 805 1656 laicis
821 1580 974 1655 salutem
992 1580 1123 1653 Sciatis
1140 1605 1204 1653 nos
1228 1578 1415 1677 inspexisse
1440 1590 1478 1655 et
1503 1606 1587 1655 cum
1612 1604 1756 1675 compc-

303 1724 398 1794 tenti
415 1722 674 1794 deliberatione
689 1722 865 1793 veraoiter
877 1714 1092 1791 intellexisse
1102 1718 1250 1792 Cartam
1268 1721 1471 1792 venerande
1488 1722 1661 1791 memorie
1679 1719 1754 1791 Do·

303 1861 390 1931 mini
409 1859 598 1931 Maloolmi
615 1860 673 1931 <lei
690 1860 806 1954 gratia
822 1857 933 1952 Regis
950 1855 1159 1929 Scottorum
1176 1855 1324 1929 illustris
1341 1858 1471 1929 rasam
1484 1854 1655 1953 religiosis
1670 1860 1754 1929 viris

303 1996 441 2069 Abbati
476 2005 514 2069 et
544 1997 724 2069 canonicis
755 1989 966 2065 Monasterii
991 1991 1111 2065 sauhte
1136 1995 1323 2067 Trinitatis
1349 2004 1387 2067 et
1413 1996 1536 2067 sancti
1562 1995 1753 2067 Michaelis

302 2135 524 2229 Archangeli
541 2135 587 2205 de
604 2133 723 2205 Soona
738 2133 873 2203 ibidem
890 2132 958 2203 deo
976 2128 1212 2203 servientibus
1238 2141 1277 2203 et
1301 2135 1556 2227 inperpetuum
1572 2130 1755 2205 servituris

303 2297 377 2345 non
402 2272 573 2345 abolitam
596 2294 669 2343 nou
695 2269 931 2343 cancellatam
956 2292 1023 2341 nec
1049 2271 1086 2339 in
1112 2268 1232 2361 aliqua
1246 2266 1300 2341 sui
1316 2278 1420 2364 parte
1445 2272 1613 2341 viciatam
1630 2272 1669 2341 iu
1686 2271 1754 2343 hec

303 2411 412 2483 verba
431 2410 506 2505 [⁸50-
527 2408 688 2505 utsupra
707 2405 759 2501 5.]
779 2407 1045 2500 Quamquidem
1062 2414 1198 2477 cartam
1215 2407 1254 2476 in
1272 2407 1438 2478 omnibus
1455 2408 1597 2501 puncta
1614 2416 1653 2478 et
1670 2410 1755 2479 arti·

305 2548 394 2621 culis
420 2544 699 2619 circumstauoiis
717 2559 755 2617 et
772 2545 1038 2617 conditionibus
1062 2541 1133 2615 suis
1147 2510 1274 2617 ⁸forma
1297 2547 1433 2637 pariter
1457 2560 1496 2619 et
1520 2545 1649 2618 effettn
1675 2546 1755 2618 Nos

304 2688 423 2759 divine
440 2686 600 2759 caritatis
616 2686 755 2755 intuitu
772 2692 810 2754 ot
827 2705 891 2775 pro
907 2681 1023 2753 salute
1040 2684 1160 2753 anime
1184 2678 1304 2754 nostre
1329 2707 1371 2755 ac
1389 2706 1453 2777 pro
1478 2682 1593 2756 salute
1618 2687 1754 2757 anima·

303 2848 382 2897 rum
400 2820 658 2897 autecessorum
675 2831 714 2894 et
730 2815 964 2893 successorum
981 2814 1181 2890 nostrorum
1199 2819 1343 2914 Regum
1368 2819 1492 2893 Scotie
1517 2823 1754 2917 approbamus

303 2963 521 3035 ratificamus
538 2969 577 3032 et
594 2957 727 3033 eisdem
743 2953 915 3053 religiosis
933 2966 971 3027 et
994 2978 1118 3028 eorum
1135 2954 1388 3029 succefforibus
1405 2959 1444 3029 in
1461 2958 1612 3032 liberam
1627 2983 1754 3053 puram

304 3110 342 3175 et
367 3109 578 3195 perpetuam
604 3091 835 3171 elemosmam
865 3102 990 3167 tenore
1019 3092 1194 3187 presentis
1219 3105 1319 3167 carte
1346 3092 1465 3167 nostre
1493 3120 1557 3190 pro
1586 3098 1691 3169 nobis
1716 3109 1755 3169 et

303 3239 494 3311 heredibus
517 3233 647 3308 nostris
663 3238 703 3306 in
722 3243 939 3329 perpetuum
956 3231 1209 3304 confirmamus
1237 3232 1346 3305 Salva
1369 3235 1471 3329 regni
1497 3231 1607 3305 nostri
1633 3235 1756 3307 defen-

303 3373 592 3469 sioneExceptis
608 3382 731 3446 tamen
749 3368 913 3443 clausulis
931 3370 1002 3441 illis
1026 3367 1272 3465 suprascriptis
1299 3394 1370 3464 que
1395 3371 1594 3465 loquuntur
1618 3374 1663 3444 de
1680 3373 1757 3467 pel-

305 3514 398 3586 libus
415 3515 538 3585 ovium
554 3520 593 3583 et
612 3532 788 3607 agnorum
805 3511 851 3582 de
868 3510 972 3581 coriis
990 3511 1102 3579 etiam
1126 3506 1210 3601 sepe
1228 3510 1338 3579 unito
1354 3505 1527 3605 sanguiue
1552 3520 1591 3583 et
1616 3512 1756 3584 decima

306 3654 406 3747 panis
423 3652 550 3725 domus
567 3649 679 3746 Regia
692 3658 732 3721 et
744 3648 885 3743 Regina
895 3669 959 3740 pro
973 3647 1103 3740 quibus
1116 3642 1319 3718 elemosinis
1335 3647 1472 3720 habent
1484 3657 1598 3721 terras
1611 3650 1657 3720 de
1669 3649 1758 3721 Blar

304 3793 342 3865 in
359 3792 663 3885 permutationem
689 3796 728 3861 et
751 3782 1119 3880 recompensationem
1147 3784 1198 3855 Et
1223 3795 1378 3880 excepta
1404 3781 1569 3859 similiter
1598 3786 1757 3859 clausula
1817 3795 1823 3809 '

305 3930 368 4003 illa
384 3926 619 4025 suprascripta
642 3950 711 4021 que
734 3926 895 4019 loquitur
920 3925 964 3995 de
990 3924 1130 3997 decima
1154 3921 1337 4017 prebende
1363 3923 1475 3996 brasei
1493 3934 1531 3997 et
1547 3927 1628 3997 cani
1646 3929 1757 3997 corio-

305 4090 386 4141 rum
403 4076 441 4139 et
459 4066 640 4139 caseorum
663 4066 709 4137 de
731 4072 886 4157 quatuor
901 4063 1069 4133 maneriis
1094 4062 1140 4132 de
1166 4060 1335 4155 Goveryn
1360 4058 1494 4133 scilicet
1519 4063 1565 4134 (le
1591 4062 1686 4133 Scon
1712 4064 1757 4133 de

307 4206 427 4278 Guber
450 4207 494 4277 de
513 4202 723 4299 Forgrunde
748 4211 787 4274 et
812 4198 1054 4273 Strathardoll
1072 4200 1244 4292 quamdiu
1269 4200 1522 4270 tantummodo
1544 4200 1756 4293 thauagium

307 4340 352 4413 de
365 4338 461 4411 Scon
480 4338 575 4431 quod
592 4338 678 4409 dici
694 4334 848 4431 religiosr
860 4339 937 4431 Jam
951 4338 1087 4409 habeut
1101 4360 1147 4409 ex
1164 4333 1387 4411 concellione
1400 4333 1520 4409 nostra
1536 4338 1574 4408 in
1590 4339 1758 4410 manibus

306 4475 463 4573 ipsorum
489 4472 685 4570 perstiterit
712 4498 776 4568 pro
804 4498 875 4568 qua
901 4476 1041 4548 decima
1067 4476 1253 4569 percipere
1282 4471 1544 4547 consueverunt
1570 4479 1758 4548 annuatim

307 4614 445 4711 septem
462 4614 570 4687 libras
595 4615 674 4685 otto
700 4611 829 4685 solidos
855 4622 893 4685 et
920 4613 1046 4685 decem
1073 4614 1236 4685 denarios
1263 4610 1515 4708 sterlingomm
1542 4638 1606 4709 per
1631 4637 1759 4685 manus

310 4752 546 4826 Vioecomitis
570 4752 614 4823 de
641 4749 753 4823 Parth
779 4749 824 4822 ln
850 4752 952 4845 cujus
979 4752 1031 4823 roi
1057 4748 1305 4823 testimonium
1331 4748 1488 4845 presenti
1514 4762 1613 4823 carte
1639 4748 1759 4823 nostre

310 4887 464 4987 sigillum
489 4886 649 4961 nostrum
674 4890 891 4985 precipimus
916 4891 1047 4983 apponi
1076 4886 1242 4961 Testibus
1266 4888 1529 4961 venerabilibus
1551 4890 1590 4959 in
1617 4885 1758 4960 Christo

310 5028 471 5122 patribus
485 5026 688 5101 Willielmo
704 5024 871 5099 Johanne
885 5024 1088 5099 Willielmo
1108 5024 1288 5099 Mauricio
1306 5034 1344 5098 et
1358 5024 1523 5098 Gilberto
1542 5024 1664 5097 sanci
1682 5026 1762 5097 An-
