4917 6509
613 778 684 842 114
1117 768 1274 844 LIBER
1298 770 1545 845 Eccanslls
1876 792 1952 847 suc.
1970 792 2053 847 xlv,

610 968 776 1039 omnibus
793 966 871 1039 aliis
889 974 927 1037 et
943 962 1090 1061 singulis
1107 963 1247 1038 forestis
1263 975 1302 1039 et
1318 967 1524 1040 nemoribus
1540 963 1668 1039 nostris
1683 988 1748 1061 per
1762 976 1885 1039 totum
1900 992 2052 1064 regnum

610 1099 770 1173 nostrum
787 1125 852 1195 pro
869 1099 1024 1195 ipsorum
1041 1101 1285 1196 religiosorum
1310 1112 1349 1175 et
1372 1104 1561 1175 hominnm
1583 1099 1728 1175 suorum
1752 1104 1901 1176 edificiis
1916 1128 1959 1176 ac
1975 1128 2053 1177 eor·

609 1239 742 1309 undem
759 1236 1002 1332 religiosorum
1015 1248 1053 1309 ot
1069 1238 1256 1309 hominum
1273 1235 1416 1309 suorum
1441 1238 1648 1310 animalium
1674 1235 1845 1310 clausuris
1880 1238 1941 1310 Ita
1956 1240 2051 1331 quod

608 1373 720 1445 libere
746 1376 880 1445 tamin
906 1370 988 1466 ipiis
1013 1370 1149 1445 forestis
1174 1371 1302 1445 nostris
1327 1382 1366 1444 et
1387 1374 1605 1445 memoribus
1629 1396 1702 1444 non
1726 1376 1921 1445 nominatis
1943 1396 2051 1466 quam

608 1506 767 1601 superius
784 1510 976 1580 nominatis
992 1511 1203 1580 meremium
1221 1510 1367 1580 cindere
1382 1507 1527 1581 valeant
1543 1507 1751 1601 didtumque
1762 1512 1974 1581 memmium
1987 1533 2052 1603 per

608 1642 700 1736 ipsos
712 1640 892 1738 religiosos
906 1652 969 1714 aut
979 1644 1142 1714 homines
1154 1643 1235 1714 suos
1248 1640 1370 1715 ciffum
1382 1643 1440 1714 rel
1450 1643 1668 1715 oindendum
1678 1645 1848 1735 quociens
1857 1653 1897 1715 et
1909 1644 2051 1737 quaudo

608 1774 744 1849 necell‘e
757 1780 866 1849 fauerit
879 1778 1055 1849 abducere
1068 1788 1106 1849 ct
1119 1778 1566 1872 cariarevalecntprosuis
1577 1774 1917 1871 ufibuasupradiuis
1930 1778 2052 1863 Quare

609 1915 774 1985 omnibus
800 1922 838 1985 et
864 1909 1010 2007 lingulis
1035 1909 1224 1985 forestariis
1249 1913 1295 1985 de
1320 1914 1427 2005 clony
1450 1912 1562 1984 alicbt
1586 1922 1626 1985 et
1650 1914 1710 1985 del
1734 1912 1811 2007 plui
1835 1936 1878 1985 cc
1901 1912 2051 1985 aliarum

608 2046 817 2119 forestarum
831 2045 1029 2119 nostrarum
1043 2058 1081 2119 et
1094 2070 1280 2119 nemorum
1294 2069 1589 2141 quorumcunque
1605 2045 1764 2121 distribbe
1780 2050 1996 2141 precipimus
2013 2058 2052 2120 et

608 2186 818 2255 mandamus
843 2207 889 2255 nc
915 2184 1070 2276 prefatos
1093 2181 1274 2278 religiosos
1294 2184 1458 2255 homines
1473 2180 1554 2254 suos
1578 2183 1636 2254 vei
1660 2180 1854 2255 servientes
1878 2181 2053 2275 quoscun-

608 2342 678 2411 que
695 2322 908 2391 memmium
932 2320 970 2389 in
988 2320 1091 2390 dictio
1111 2316 1251 2390 forestis
1267 2314 1396 2390 nostris
1419 2326 1483 2391 sut
1507 2318 1712 2390 nemoribus
1736 2317 1914 2391 cindendo
1930 2318 1988 2390 vel
2006 2317 2052 2390 ab

608 2456 691 2525 inde
716 2458 885 2547 quociens
910 2451 1047 2527 necalse
1072 2454 1180 2525 iirerit
1206 2454 1373 2525 sudando
1398 2462 1437 2525 ct
1461 2454 1671 2525 abducendo
1691 2476 1839 2549 gmrsrc
1862 2452 2051 2527 molestare

608 2591 665 2662 vel
683 2588 886 2683 aliqualiter
902 2590 1076 2683 impedire
1093 2587 1301 2683 presumant
1320 2590 1379 2660 vel
1395 2611 1520 2660 sorum
1536 2585 1718 2682 presumat
1734 2588 1862 2681 aliquis
1878 2588 1944 2661 sub
1959 2612 2053 2683 pena

608 2748 677 2817 que
695 2728 923 2819 competitio
941 2725 1127 2817 hacpsrte
1165 2724 1211 2795 In
1236 2727 1339 2796 cuius
1354 2726 1407 2797 rei
1431 2721 1677 2796 testimonium
1693 2722 1917 2817 presentibus
1940 2746 2051 2819 penes

606 2862 764 2971 prefatos
790 2858 987 2955 Religiosos
1019 2862 1058 2931 in
1091 2867 1308 2953 perpetuum
1341 2860 1520 2931 duraturis
1545 2858 1712 2954 Sigillum
1741 2856 1902 2929 nostrum
1931 2882 2052 2953 prece·

608 2997 724 3087 pimus
741 2996 872 3089 apponi
889 2994 1001 3088 Apud
1025 2994 1130 3087 perth
1150 2994 1278 3087 quinto
1304 2996 1363 3066 die
1387 2993 1478 3088 Julij
1502 2993 1613 3066 Anno
1629 2996 1731 3089 regni
1748 2988 1858 3066 nostri
1874 2992 2050 3067 tricefimo

608 3153 733 3223 primo.

609 3400 721 3472 Carta
738 3402 848 3495 Regis
874 3399 1022 3471 Doridis
1045 3399 1091 3470 de
1110 3399 1319 3470 revocandis
1341 3393 1568 3491 penlionibus
1592 3400 1631 3469 in
1648 3400 1906 3471 detrimentum
1930 3422 2053 3472 mons-

608 3532 704 3606 sterii
724 3530 912 3607 conceffis·

499 3814 579 3879 154.
610 3784 746 3880 David
764 3804 834 3876 Dei
852 3803 979 3876 Gratis
994 3825 1059 3874 rex
1077 3800 1286 3873 Scottorum
1304 3800 1515 3875 Venerabili
1532 3804 1569 3873 in
1586 3797 1725 3873 Christo
1741 3804 1834 3895 patri
1852 3799 1990 3874 Abbati
2006 3804 2052 3875 dc

609 3943 727 4015 &ona
744 3951 782 4013 et
803 3937 962 4032 ejusdem
986 3937 1056 4009 loci
1079 3939 1275 4009 conuentui
1300 3936 1454 4009 salutem
1504 3936 1744 4031 Concepimus
1760 3947 1884 4009 autem
1900 3961 1948 4009 ex
1963 3938 2054 4011 relc-

609 4082 709 4151 tione
734 4075 995 4169 iidedignorum
1011 4073 1108 4165 quod
1124 4074 1280 4165 quedam
1304 4096 1425 4145 annue
1448 4069 1635 4167 penfionss
1658 4074 1995 4167 perhendinationes
2011 4098 2053 4147 sc

609 4215 678 4285 alie
695 4209 929 4307 prostrationes
945 4231 1010 4304 per
1031 4204 1289 4302 predccsffores
1305 4204 1439 4281 vestros
1463 4210 1548 4281 dcte
1570 4205 1654 4281 sant
1668 4218 1708 4281 st
1733 4205 1892 4281 concello
1908 4206 2053 4281 diversis

608 4348 764 4443 personis
781 4349 819 4417 in
835 4367 1007 4441 magnum
1034 4368 1075 4415 ac
1104 4366 1212 4438 grave
1235 4344 1494 4417 detrimentum
1518 4342 1721 4437 monastarij
1739 4340 1845 4417 vestri
1882 4344 1943 4417 Ita
1957 4346 2053 4437 quod

613 4486 773 4557 redditus
790 4482 875 4553 didci
888 4476 1090 4572 monasterij
1109 4476 1215 4551 vestri
1232 4479 1278 4551 sd
1294 4477 1590 4553 sustentationem
1606 4476 1760 4552 vestram
1776 4488 1816 4551 et
1831 4480 2053 4553 edificiorum

609 4620 869 4715 reparationem
880 4618 924 4689 ad
936 4638 1087 4709 quorum
1099 4638 1187 4709 opus
1199 4624 1239 4687 et
1250 4614 1354 4687 mum
1367 4611 1616 4688 exelemofino
1626 4610 1908 4709 predecefforum
1919 4613 2054 4687 nostro-

607 4780 688 4828 rum
703 4776 829 4850 regum
845 4748 956 4825 scotie
972 4754 1057 4823 dcto
1075 4752 1222 4823 luerunt
1244 4760 1284 4823 et
1308 4748 1468 4823 concello
1484 4747 1644 4822 sufficere
1659 4773 1733 4822 non
1748 4744 1879 4843 poffint
1894 4750 1964 4821 biis
1980 4751 2055 4822 die·

606 4892 675 4965 bus
691 4890 787 4962 unde
803 4886 1023 4961 declaratum
1049 4883 1102 4958 ost
1128 4896 1167 4959 ct
1191 4887 1377 4961 decretum
1392 4908 1458 4981 per
1480 4882 1667 4959 confilium
1691 4882 1852 4957 nostrum
1875 4885 1914 4957 in
1930 4884 2058 4977 purlic-
