4917 6509
324 880 410 931 ano.
423 881 507 933 aon.
521 883 577 933 111.
734 861 771 932 S.
797 858 1093 932 TRINITATIS
1119 859 1189 931 DE
1215 860 1361 933 SOON.
1704 870 1773 935 155

323 1057 456 1132 eisdem
480 1058 618 1134 Abbati
645 1069 684 1131 et
708 1062 902 1131 conventui
927 1084 1011 1132 cum
1036 1015 1201 1131 omnibus
1220 1059 1363 1153 juribus
1389 1068 1427 1131 et
1452 1062 1680 1153 pertinentiis
1702 1060 1773 1133 suis

322 1198 422 1269 dedit
456 1207 494 1270 et
528 1221 627 1270 more
661 1192 944 1291 predecessorum
979 1194 1122 1268 suorum
1156 1194 1402 1291 episcoporum
1436 1194 1681 1271 sanctiandree
1710 1200 1771 1291 qui

320 1335 455 1407 fuerint
479 1359 543 1429 pro
569 1344 732 1429 tempore
762 1333 986 1407 confirmavit
1015 1360 1056 1407 ac
1084 1336 1136 1407 eis
1162 1346 1204 1407 ut
1228 1332 1295 1430 ipsi
1321 1337 1358 1406 in
1389 1333 1522 1408 eisdem
1548 1332 1705 1409 ecclesris
1733 1347 1771 1408 et

321 1473 467 1566 capellis
501 1471 721 1545 Presbiteros
755 1474 913 1566 ydoneos
942 1474 1003 1567 qui
1031 1475 1083 1543 eis
1121 1471 1322 1545 deserviant
1353 1469 1540 1544 instituere
1570 1476 1614 1544 ad
1645 1496 1769 1545 eorum

320 1610 545 1685 voluntatem
571 1612 715 1684 valeant
741 1619 780 1683 et
805 1606 999 1683 destituere
1029 1609 1213 1683 licentiam
1242 1607 1413 1684 concessit
1439 1610 1547 1683 Salvo
1569 1614 1651 1704 jure
1681 1608 1770 1705 epis-

250 1844 254 1851 ·
319 1750 434 1843 copali
450 1752 489 1822 in
514 1751 682 1822 omnibus
706 1746 839 1822 eisdem
866 1745 1022 1823 ecclesiis
1046 1757 1276 1842 preterquam
1300 1752 1338 1820 in
1364 1745 1514 1821 eeclesia
1533 1750 1578 1821 de
1596 1749 1715 1822 Scona
1732 1760 1769 1821 et

317 1886 464 1980 capellis
480 1885 687 1981 supradidtis
706 1910 795 1980 quas
819 1887 964 1979 quidem
989 1882 1156 1959 ecclesus
1174 1890 1219 1959 de
1245 1887 1364 1961 Scona
1380 1898 1418 1959 et
1436 1886 1590 1981 capellas
1607 1888 1653 1959 ab
1671 1890 1769 1959 omni

317 2023 465 2099 servicio
495 2028 681 2098 exattione
709 2025 885 2097 demanda
911 2034 950 2097 et
979 2022 1238 2096 consuetudine
1272 2022 1530 2120 episcopalibus
1560 2026 1697 2099 exemit
1726 2050 1767 2099 ac

317 2162 432 2234 voluit
449 2164 527 2235 fore
551 2172 739 2257 exemptas
758 2171 867 2256 prout
892 2165 929 2233 in
955 2161 1087 2234 litteris
1112 2160 1183 2234 suis
1209 2165 1287 2234 eius
1312 2187 1354 2235 ac
1379 2165 1602 2257 prefatorum
1618 2163 1767 2257 capituli

315 2297 438 2396 sigillis
454 2298 601 2397 signatis
617 2324 769 2395 quarum
795 2310 957 2373 tenorem
982 2298 1207 2394 presentibus
1232 2298 1338 2373 inseri
1356 2303 1509 2375 fecimus
1525 2300 1668 2396 plenius
1684 2326 1769 2375 con·

316 2440 454 2511 tinetur
483 2441 603 2525 Quare
632 2464 696 2535 pro
725 2450 829 2535 parte
863 2441 1039 2510 ditiorum
1069 2438 1225 2512 Abbatis
1257 2450 1296 2511 et
1330 2450 1531 2513 conuentus
1564 2442 1668 2513 nobis
1697 2440 1768 2513 suit

315 2577 501 2649 humiliter
523 2578 765 2674 supplicatum
791 2589 833 2649 ut
858 2579 995 2655 dationi
1020 2577 1283 2651 confirmationi
1308 2574 1520 2651 concessioni
1545 2580 1766 2674 exemptioni

314 2725 353 2786 ct
382 2716 561 2788 voluntati
591 2713 792 2811 hujusmodi
821 2715 948 2787 Robur
972 2715 1251 2789 confirmationis
1285 2716 1439 2789 adiicere
1468 2718 1513 2789 de
1542 2716 1767 2813 benignitate

315 2850 507 2947 apostolica
524 2855 753 2949 dignaremur
768 2896 777 2911 ·
797 2852 877 2924 Nos
893 2855 1004 2948 igitur
1021 2853 1196 2925 ditiorum
1213 2853 1370 2927 Abbatis
1396 2864 1434 2926 et
1460 2853 1670 2927 Conventus
1686 2852 1768 2949 sup-

313 2992 566 3084 plicationibus
590 2990 755 3065 inclinati
780 2991 965 3063 dationem
991 2990 1300 3064 confirmationem
1331 2987 1591 3064 coneelfionem
1620 3016 1768 3089 exemp·

314 3132 451 3201 tionem
478 3154 520 3201 ac
546 3130 772 3202 voluntatem
800 3124 1003 3222 hujusmodi
1029 3137 1125 3200 ratas
1152 3136 1192 3199 et
1216 3138 1336 3224 gratas
1361 3128 1537 3202 habentes
1562 3129 1643 3201 illas
1669 3128 1766 3225 apos-

314 3266 424 3340 tolica
452 3269 667 3339 auctoritate
696 3290 743 3339 ex
777 3275 877 3339 certa
904 3265 1054 3339 scientia
1087 3268 1339 3338 confirmamus
1371 3278 1410 3340 et
1442 3266 1617 3363 presentis
1645 3266 1766 3364 scripti

313 3406 511 3498 patrocinio
537 3407 800 3476 communimus
824 3400 1033 3498 supplentes
1058 3427 1184 3475 omnes
1209 3404 1369 3477 desetlus
1395 3400 1485 3498 siqui
1515 3404 1630 3477 forsan
1655 3408 1768 3479 inter·

314 3545 479 3616 venerint
507 3545 544 3613 in
571 3540 704 3615 eisdem
732 3540 1050 3615 constitutionibus
1078 3538 1280 3634 apostolicis
1310 3566 1352 3615 ac
1384 3540 1700 3637 prescriptionibus
1729 3555 1766 3617 et

313 3678 549 3754 observanciis
574 3682 759 3753 contrariis
783 3702 857 3751 non
881 3677 1105 3751 obstantibus
1130 3678 1415 3775 quibuscumque
1440 3680 1558 3753 Tenor
1583 3705 1667 3754 vero
1694 3683 1767 3754 dic·

314 3829 433 3891 tarum
449 3818 653 3893 litterarum
670 3818 753 3891 talis
770 3813 843 3890 est·
860 3818 921 3913 [ut
933 3814 1047 3911 supra,
1068 3816 1169 3911 lea]
1191 3818 1296 3891 Nulli
1314 3843 1398 3915 ergo
1415 3822 1562 3891 omnino
1579 3821 1766 3893 hominum

313 3958 420 4030 liceat
435 3959 529 4030 hano
544 3960 712 4053 paginam
729 3954 848 4030 nostre
865 3957 1144 4029 confirmationis
1164 3958 1460 4028 communicionis
1477 3966 1515 4029 et
1531 3954 1765 4051 suppletionis

313 4097 507 4191 infringere
530 4096 588 4167 vel
610 4097 644 4167 ei
665 4093 753 4167 ausu
775 4096 964 4169 temerario
982 4097 1159 4167 contraire
1175 4093 1297 4188 Siquis
1313 4102 1436 4166 autem
1453 4095 1522 4166 hoc
1548 4103 1765 4188 attemptare

312 4231 565 4327 presumpserit
581 4232 874 4326 Indignationem
887 4232 1145 4326 omnipotentis
1162 4232 1221 4303 dei
1238 4240 1277 4303 et
1294 4232 1483 4303 beatomm
1499 4233 1595 4325 petri
1611 4240 1649 4303 et
1667 4232 1765 4326 pauli

313 4369 552 4465 apostolorum
572 4373 649 4442 eius
666 4367 703 4440 se
723 4370 864 4441 noverit
886 4367 1111 4442 incursurum
1135 4367 1274 4442 Datum
1298 4368 1459 4442 Avinioii
1481 4371 1508 4464 ij
1525 4371 1571 4442 id.
1598 4367 1765 4463 Septem-

313 4510 387 4581 bris
403 4509 634 4602 pontisioatus
650 4504 760 4579 nostri
778 4507 889 4580 Anno
905 4510 1021 4601 primo
1037 4546 1047 4563 ·

314 4786 424 4858 Bulla
440 4786 486 4855 de
503 4792 693 4879 patronatu
721 4781 880 4856 Ecclefie
900 4781 1021 4855 Sanffi
1040 4782 1186 4877 Egidii·

194 5078 285 5149 195.
317 5041 547 5140 Benedictus
582 5061 779 5159 Episcopus
808 5061 942 5134 Servus
971 5058 1153 5133 servomm
1189 5060 1246 5132 dei
1281 5060 1341 5133 Ad
1372 5068 1583 5155 perpetuam
1608 5062 1660 5132 rei
1690 5081 1764 5132 me-
1882 5048 1889 5070 *
1971 5013 1983 5068 Α·
