4917 6509
386 780 471 831 nne.
484 780 560 831 Jsc.
573 781 614 831 11.
796 760 833 831 S.
859 758 1156 832 TRINITATIS
1182 758 1252 831 DE
1279 759 1426 833 SCON.
1766 765 1837 837 187

385 960 431 1030 ad
448 957 585 1031 distum
603 955 829 1031 Moussterir'r
847 960 892 1031 de
909 956 1027 1031 Soona
1052 968 1090 1031 et
1107 959 1293 1032 Abbatem
1319 970 1357 1032 et
1383 967 1604 1032 conuentum
1622 957 1781 1031 eiusdem
1797 961 1835 1029 in

385 1119 512 1191 puram
535 1106 573 1169 et
598 1106 810 1191 perpetuam
828 1093 1057 1169 elemosinam
1084 1097 1128 1169 ab
1154 1099 1311 1190 antiquis
1339 1107 1377 1168 et
1403 1098 1587 1169 retroastis
1614 1097 1836 1189 temporibus

386 1232 542 1328 spettare
563 1233 758 1307 dinoscitur
782 1235 890 1329 pleno
915 1234 1005 1307 Jure
1031 1244 1106 1307 tam
1132 1237 1360 1328 proprietatis
1386 1233 1431 1331 q‘
1455 1230 1672 1328 posseffionis
1689 1272 1698 1290 ·
1715 1234 1836 1319 Quare

385 1369 609 1447 vniuersrtati
633 1382 698 1447 vie
723 1383 849 1447 tenore
874 1373 1056 1469 presentir'r
1080 1370 1313 1446 inotescimus
1340 1415 1348 1431 ·
1375 1372 1424 1465 qil
1452 1374 1540 1446 licet
1570 1373 1761 1466 aliquando
1791 1396 1837 1443 ex

386 1521 488 1604 porte
498 1520 565 1585 nia
576 1512 731 1585 Nonulli
743 1508 986 1607 opposiciones
999 1523 1037 1584 et
1050 1513 1310 1606 impedimenta
1321 1514 1359 1583 in
1373 1513 1468 1583 ditia
1480 1522 1576 1584 terra
1588 1534 1672 1583 cum
1684 1510 1813 1603 ptineii
1828 1551 1835 1567 ·

386 1650 533 1742 prefatis
550 1652 689 1723 Abbati
707 1660 745 1723 et
763 1649 970 1724 Conucntni
993 1652 1111 1723 facere
1129 1657 1167 1721 et
1184 1657 1403 1743 attemptare
1422 1647 1711 1743 presumpserunt
1729 1689 1737 1706 ·
1757 1648 1837 1719 Nos

386 1797 509 1858 tamen
522 1790 714 1860 veritatem
731 1786 959 1884 cognoscetes
987 1790 1032 1859 ob
1062 1788 1320 1859 Reuerentiam
1347 1788 1405 1857 dei
1431 1795 1470 1858 et
1495 1786 1618 1858 Sancti
1645 1785 1838 1859 Michaelis

386 1926 607 2022 Archangeli
637 1951 700 2021 pro
730 1928 833 1999 nobis
860 1937 898 1999 et
920 1922 1172 1999 suecessoribus
1196 1928 1272 1997 niis
1298 1927 1343 1998 ab
1367 1925 1534 1996 omnibns
1556 1923 1647 1997 Jure
1670 1925 1780 1996 titulo
1798 1934 1837 1997 et

387 2066 525 2137 clameo
543 2067 638 2137 dine
654 2074 750 2137 terre
777 2072 822 2137 ori
848 2064 976 2157 ptineri
994 2075 1034 2136 vt
1059 2067 1239 2159 prefertur
1263 2067 1301 2135 in
1327 2066 1396 2135 hiis
1420 2061 1559 2159 scriptis
1584 2060 1755 2136 cessamus
1773 2083 1782 2122 r
1799 2072 1837 2135 et

387 2204 499 2275 dittos
511 2202 698 2275 Abbatem
715 2211 752 2275 et
766 2201 997 2275 conuentum
1014 2206 1155 2297 quietos
1173 2204 1368 2275 clamamus
1385 2205 1652 2297 imperpetuum
1669 2202 1759 2274 Dat*
1771 2200 1836 2273 sub

388 2335 501 2435 sigillo
528 2348 594 2411 nio
619 2342 777 2412 autetico
802 2341 896 2434 apud
916 2339 1088 2440 Sanctum
1114 2342 1299 2415 Andream
1325 2365 1480 2449 unacum
1503 2337 1691 2436 appesione
1716 2340 1835 2436 Sigilli

386 2481 550 2550 comunis
563 2477 725 2573 Capituli
741 2480 798 2550 ni‘i
811 2517 819 2535 ·
834 2480 973 2550 decimo
991 2482 1049 2552 die
1062 2475 1201 2551 Mensis
1214 2480 1351 2573 Aprilis
1364 2481 1475 2552 Anno
1489 2481 1624 2551 domini
1638 2476 1835 2550 Millesrmo

386 2618 573 2709 quadrin¹¹¹⁰
591 2612 882 2711 quinquagesimo
894 2614 1016 2689 sexto·
1036 2618 1085 2688 Et
1103 2616 1381 2691 consecracionis
1397 2626 1464 2690 nie
1481 2620 1620 2690 decimo
1638 2640 1733 2689 nouo
1751 2656 1760 2673 ·

388 2893 497 2965 Carta
522 2892 805 2964 confirmacionis
832 2892 942 2987 Regis
967 2894 1094 2965 Jacobi
1121 2892 1279 2966 Secundi
1305 2904 1484 2966 cartarum
1511 2894 1663 2965 Roberti
1687 2892 1834 2990 Logane

388 3032 433 3100 de
451 3026 627 3127 Lestalrig
644 3042 682 3104 et
699 3033 883 3104 literarum
898 3030 1089 3103 Willielmi
1108 3032 1268 3103 Chartris
1286 3033 1331 3103 de
1349 3031 1491 3127 Cagnor
1506 3030 1531 3103 J
1533 3032 1683 3103 ohannis
1699 3032 1835 3103 domini

388 3167 575 3263 Glammys
593 3178 630 3241 et
649 3170 841 3242 Willielmi
859 3169 999 3242 Scowle
1015 3166 1198 3264 burgensis
1216 3170 1260 3240 de
1278 3169 1390 3239 Perth
1408 3207 1416 3224 ·

273 3456 354 3525 219.
388 3434 557 3531 Jacobus
583 3460 640 3529 dei
665 3462 780 3554 gratia
806 3458 886 3531 Rex
914 3459 1121 3531 Scottorum
1148 3456 1326 3530 Omnibus
1351 3457 1470 3549 probis
1490 3457 1694 3528 hominibus
1721 3458 1836 3528 tocius

388 3608 483 3669 terre
499 3595 561 3669 sue
578 3597 716 3669 clericis
729 3606 766 3667 et
778 3596 877 3669 laicis
887 3594 1036 3668 salutem
1050 3595 1181 3667 Sciatis
1191 3618 1257 3665 nos
1267 3596 1355 3667 duas
1366 3605 1482 3668 cartas
1492 3596 1673 3688 quondam
1685 3594 1835 3667 Roberti

389 3734 536 3831 Logane
553 3736 598 3805 de
617 3730 792 3829 Lestalrig
807 3734 933 3805 militis
950 3734 1061 3806 factas
1086 3742 1124 3804 et
1149 3727 1326 3805 concessas
1351 3735 1390 3804 in
1414 3757 1542 3827 puram
1562 3742 1600 3805 et
1623 3743 1835 3829 perpetuam

389 3868 616 3944 elemosinam
643 3872 853 3946 Venerabili
883 3876 921 3943 in
947 3868 1087 3944 Christo
1116 3871 1208 3963 patri
1239 3879 1277 3941 et
1308 3865 1496 3964 Religiosis
1521 3873 1608 3942 uiris
1633 3871 1771 3943 Abbati
1798 3880 1835 3941 et

389 4012 585 4082 conuentui
609 4007 813 4082 monasterii
831 4008 940 4081 nostri
966 4012 1011 4081 de
1037 4008 1155 4080 Soona
1180 4008 1225 4079 de
1251 4010 1355 4080 terris
1380 4009 1426 4079 de
1451 4008 1577 4103 malles
1593 4009 1686 4080 infra
1703 4009 1836 4101 Gowry

348 4204 359 4241 z
389 4149 432 4219 ad
450 4149 633 4220 baroniam
652 4149 697 4219 de
715 4143 891 4242 Lestalrig
915 4146 1179 4240 pertinentibus
1196 4170 1267 4217 vna
1291 4169 1374 4218 cum
1399 4169 1519 4219 annuo
1536 4148 1680 4219 redditu
1696 4146 1835 4241 septem

387 4308 587 4357 meroarum
605 4286 649 4355 de
667 4283 799 4356 eisdem
817 4287 921 4355 terris
938 4287 1125 4358 annuatim
1143 4282 1286 4354 leuand.
1304 4283 1476 4380 [utsupra
1487 4288 1569 4367 201,
1585 4282 1677 4378 202]
1692 4309 1833 4358 necnon

387 4432 460 4493 tres
477 4420 563 4495 alias
589 4422 729 4494 litteras
754 4444 860 4492 vuam
878 4421 1048 4494 videlicet
1073 4421 1232 4494 litteram
1251 4421 1430 4494 Willolmi
1455 4424 1606 4495 chartris
1631 4424 1676 4496 de
1702 4448 1834 4520 cagnor

388 4561 433 4631 de
450 4560 724 4633 confirmacione
740 4556 975 4631 secundarum
1000 4561 1218 4633 decimarum
1245 4562 1290 4632 de
1315 4561 1525 4656 kynsawuys
1543 4572 1581 4633 et
1598 4564 1834 4658 qnadraginta

387 4696 578 4770 solidorum
603 4696 731 4770 vsualis
757 4708 903 4769 monete
929 4698 1047 4794 Regni
1073 4696 1182 4770 nostri
1208 4699 1311 4770 disis
1327 4700 1465 4772 Abbati
1489 4710 1527 4771 et
1552 4704 1749 4773 conuentui
1771 4725 1834 4773 an-

387 4839 526 4909 unatim
555 4838 685 4909 debitis
714 4860 779 4931 per
807 4837 987 4929 quondam
1021 4837 1181 4909 thomam
1211 4838 1360 4909 chartris
1393 4861 1502 4910 auum
1536 4840 1620 4911 dieti
1651 4839 1830 4912 Willelmi

386 4975 571 5073 [utsupra
591 4974 682 5070 217]
702 4976 852 5048 alteram
871 4999 957 5047 uero
983 4976 1141 5047 litteram
1170 4999 1234 5069 per
1258 4978 1405 5048 modum
1422 4976 1614 5051 indenture
1630 4981 1830 5053 confestam
