4917 6509
679 813 746 878 182
1187 803 1343 877 LIBER
1370 801 1615 874 ECOLESIE
1970 820 2045 872 suc.
2058 820 2122 870 xv.

677 1009 713 1076 in
732 1006 966 1098 Goury'infra
983 1006 1274 1076 vicecomitatum
1301 1004 1346 1074 de
1373 1002 1485 1074 Pertb
1502 1026 1638 1075 meram
1656 1008 1695 1073 et
1711 1001 1859 1073 liberam
1878 1000 2121 1095 Regulitatem

674 1142 735 1215 seu
752 1143 923 1239 regaliam
942 1166 1029 1236 quas
1047 1152 1159 1215 terras
1178 1144 1222 1213 de
1240 1141 1450 1237 Cragmalze
1468 1164 1609 1213 necnon
1625 1163 1750 1211 omnes
1774 1149 1814 1209 et
1838 1134 1992 1234 singulas
2010 1146 2121 1209 terras

675 1279 886 1375 prescriptae
912 1285 949 1352 in
977 1304 1087 1353 unam
1117 1304 1254 1351 meram
1279 1289 1318 1351 et
1344 1280 1493 1350 liberam
1520 1302 1562 1350 ao
1588 1275 1779 1372 specialem
1807 1276 2034 1372 regalitatem
2063 1271 2122 1347 seu

674 1418 846 1514 regaliam
863 1418 1102 1490 Annettimus
1118 1420 1386 1511 incorporamus
1403 1425 1442 1487 et
1458 1418 1603 1487 unimus
1623 1440 1686 1509 pro
1711 1426 1886 1509 perpetuo
1903 1425 2029 1486 tenore
2045 1436 2125 1508 pre-

640 1546 644 1559 ’
676 1556 786 1629 sentis
804 1566 901 1630 carte
918 1555 1106 1629 Tenendns
1132 1565 1170 1627 et
1195 1555 1381 1627 habendas
1403 1555 1515 1625 ditias
1540 1564 1654 1625 terras
1680 1554 1725 1625 de
1751 1551 1959 1648 Cragmalae
1983 1575 2125 1625 necnon

675 1718 799 1767 omnes
817 1704 854 1766 et
872 1691 1025 1789 singulas
1043 1702 1155 1764 terras
1180 1690 1393 1785 prescriptae
1409 1716 1493 1763 cum
1510 1689 1682 1764 universis
1699 1703 1738 1763 et
1754 1689 1902 1786 singulis
1918 1693 2069 1765 annexis
2086 1702 2124 1762 et

675 1834 902 1927 pertinentiis
920 1832 1115 1902 earundem
1132 1832 1416 1923 quibuscumque
1434 1830 1528 1900 disto
1545 1824 1758 1901 monasterio
1775 1853 1817 1901 ac
1829 1829 1967 1901 Abbati
1984 1838 2023 1901 et
2039 1853 2124 1902 con-

676 1972 800 2041 ventui
819 1966 976 2062 ejusdem
994 1978 1032 2040 et
1049 1992 1173 2039 eorum
1190 1962 1441 2039 successoribus
1466 1970 1504 2037 in
1529 1990 1639 2039 unam
1663 1990 1799 2040 mamm
1824 1967 1977 2040 liberem
1993 1976 2031 2039 et
2046 1965 2125 2062 spe-

676 2110 803 2179 cialem
831 2107 1075 2219 Regalitatem
1104 2104 1164 2177 seu
1193 2106 1365 2199 regaliam
1393 2147 1401 2162 ·
1430 2105 1675 2200 Regalitatem
1699 2106 1745 2177 de
1772 2104 1916 2177 Sconne
1941 2108 2123 2199 perpetuis

677 2246 897 2339 temporibus
923 2246 1217 2337 incorporandam
1245 2246 1283 2314 in
1310 2268 1436 2337 puram
1462 2254 1501 2315 et
1525 2252 1735 2337 perpetuam
1764 2240 1993 2315 elemosinam
2018 2247 2122 2317 acin

676 2384 780 2455 feodo
807 2392 845 2455 et
869 2382 1072 2454 hereditate
1090 2403 1171 2452 cum
1199 2390 1353 2474 quatuor
1376 2382 1517 2475 punttis
1542 2382 1587 2452 ad
1614 2377 1770 2453 nostram
1796 2405 1964 2454 coronam
1989 2384 2122 2479 regiam

674 2520 915 2615 spedantibus
932 2545 974 2593 ac
991 2542 1073 2591 cum
1092 2514 1197 2590 bossrs
1214 2519 1330 2612 planis
1346 2522 1455 2590 moris
1479 2516 1637 2591 maresiis
1653 2521 1720 2590 riis
1736 2515 1871 2591 semitis
1888 2522 1989 2613 aquis
2005 2518 2123 2617 stang-

674 2662 730 2731 nis
764 2659 904 2731 Rivolis
934 2659 1045 2751 pratis
1075 2654 1212 2750 pascuis
1242 2664 1280 2727 et
1308 2652 1460 2750 pasturis
1488 2658 1705 2729 molendinis
1733 2658 1901 2730 multuris
1930 2670 1969 2729 et
1998 2683 2121 2731 eorum

674 2798 826 2892 sequelis
844 2796 1140 2891 aucupationibus
1158 2796 1409 2867 venationibus
1426 2792 1679 2887 piscationibus
1701 2798 1848 2887 petariis
1865 2799 2031 2869 turbariis
2048 2822 2123 2871 car·

674 2938 829 3009 bunariis
847 2935 1020 3029 lapicidiis
1038 2933 1156 3027 lapide
1174 2942 1212 3003 et
1229 2932 1327 3003 calce
1344 2932 1530 3003 fabrilibus
1554 2929 1703 3005 brasrnis
1727 2934 1878 3005 brueriis
1904 2945 1942 3006 et
1966 2932 2121 3031 genestis

674 3073 849 3145 columbis
865 3071 1092 3144 columbariis
1110 3093 1192 3141 cum
1209 3071 1392 3141 communi
1408 3067 1551 3163 pastura
1575 3094 1658 3143 cum
1683 3073 1791 3143 curiis
1815 3083 1854 3144 et
1879 3097 2001 3145 earum
2018 3078 2124 3147 exiti·

675 3213 741 3284 bus
763 3211 962 3283 herezeldis
987 3210 1171 3282 bluduetis
1197 3218 1236 3281 et
1260 3207 1453 3281 merchetis
1477 3208 1668 3281 mulierum
1694 3234 1776 3281 cum
1803 3209 2000 3283 Itineribus
2017 3210 2122 3306 justi·

675 3351 782 3421 ciarie
808 3358 845 3420 et
872 3349 1064 3421 camerarie
1091 3372 1133 3420 ac
1161 3348 1320 3419 exitibus
1346 3356 1385 3418 et
1411 3347 1579 3440 proficuis
1605 3349 1800 3419 eorundem
1830 3372 1913 3419 cum
1943 3351 2056 3422 feodis
2083 3362 2122 3422 et

675 3486 898 3558 foriliat'mris
927 3487 1028 3556 furca
1056 3480 1143 3557 fossa
1172 3482 1235 3555 sok
1260 3480 1323 3555 sak
1352 3482 1404 3555 tol
1432 3494 1529 3555 teme
1555 3486 1748 3579 infangand
1776 3486 1875 3557 these
1900 3489 2120 3583 outfangand

674 3625 773 3695 these
803 3646 885 3696 cum
916 3622 1029 3693 libera
1053 3616 1183 3692 foresta
1208 3631 1246 3691 et
1271 3642 1438 3693 warenna
1462 3646 1546 3693 cum
1572 3623 1779 3694 tenentibus
1806 3625 1985 3695 tenandiis
2010 3625 2121 3698 libere

674 3764 878 3834 tenentium
896 3759 1048 3832 servitiis
1067 3760 1179 3831 feodis
1198 3758 1421 3830 foriffaeuris
1438 3758 1536 3869 wralr
1554 3767 1592 3829 et
1609 3782 1703 3829 ware
1727 3782 1769 3830 ac
1795 3783 1878 3830 cnm
1903 3760 1981 3831 aliis
2007 3767 2121 3834 omni-

674 3902 741 3970 bus
766 3908 804 3971 et
830 3896 976 3993 singulis
1000 3897 1227 3969 libertatibus
1253 3890 1568 3968 commolitatibus
1593 3892 1796 3967 afiamentis
1821 3920 1862 3967 ao
1882 3894 1988 3989 justis
2012 3903 2122 3993 perti·

675 4040 808 4109 nentiis
824 4036 894 4109 suis
912 4032 1194 4129 quibuscumque
1211 4044 1286 4107 tam
1304 4057 1377 4106 non
1393 4035 1587 4106 nominatis
1604 4057 1711 4126 qnam
1729 4036 1921 4106 nominatis
1934 4038 1979 4107 ad
1992 4037 2122 4111 distem

676 4177 919 4272 Regalitatern
950 4198 1033 4249 eum
1057 4176 1287 4267 pertinentiis
1314 4172 1554 4267 spettantibus
1579 4171 1641 4243 seu
1668 4173 1938 4266 quomodolibet
1966 4175 2121 4269 spectare

674 4315 877 4386 valentibus
895 4316 932 4385 in
951 4314 1113 4385 futurum
1132 4311 1180 4382 Et
1199 4312 1288 4383 adeo
1305 4312 1417 4383 libere
1433 4312 1556 4403 quiete
1577 4311 1736 4405 plenarie
1762 4314 1903 4408 integre
1928 4314 2121 4388 honorifice

674 4452 767 4523 bene
785 4459 823 4523 et
840 4453 877 4522 in
895 4474 982 4544 pace
1000 4446 1091 4521 ficut
1111 4450 1231 4542 aliqua
1255 4449 1441 4545 Regalitas
1457 4446 1519 4520 seu
1536 4449 1671 4544 regalia
1686 4451 1780 4521 infra
1794 4474 1946 4545 regnum
1962 4450 2121 4525 nostrum

674 4615 738 4684 per
756 4588 836 4661 Nos
854 4588 911 4660 vel
930 4582 1074 4658 nostros
1099 4585 1358 4681 predecessores
1384 4585 1666 4681 quibuscumque
1690 4590 1875 4661 retroadtis
1901 4592 2122 4685 temporibus

676 4729 822 4799 liberius
848 4727 1057 4799 conceditur
1082 4726 1139 4797 vel
1164 4727 1318 4798 donatur
1342 4722 1495 4817 Insuper
1510 4726 1747 4819 approbamus
1763 4727 1981 4800 ratificamus
1997 4752 2121 4802 omnes

676 4876 714 4936 et
731 4862 886 4961 singulas
912 4859 1150 4936 concelliones
1176 4865 1387 4936 donationes
1412 4872 1451 4934 et
1475 4865 1697 4935 annexiones
1722 4888 2027 4959 quarumcumque
2051 4878 2122 4937 ter·

676 5026 794 5077 rarum
811 5006 1017 5076 reddituum
1036 5003 1093 5075 vel
1111 4998 1356 5097 poiselsronum
1373 5025 1437 5097 per
1453 5001 1695 5093 quoscumque
1712 5000 1849 5075 nostros
1865 5000 2122 5097 predecessores
