4917 6509
320 920 505 973 naeuos.
522 922 546 971 1.
735 900 772 973 S.
798 898 1095 975 TRINITATIS
1122 900 1191 975 DE
1219 900 1365 975 SOON.
1704 908 1770 973 101

318 1096 568 1172 elemofiuatas
605 1100 700 1173 infra
736 1100 882 1173 balliam
917 1097 1069 1174 vestram
1107 1102 1146 1173 in
1184 1097 1358 1195 premiffis
1399 1101 1593 1196 eontigerit
1633 1102 1772 1173 onerari

319 1237 379 1310 Ita
395 1239 491 1331 quod
513 1262 578 1333 pro
595 1235 712 1311 vostro
739 1240 883 1311 defeuu
905 1241 990 1337 iude
1013 1240 1274 1333 querimoniam
1299 1263 1373 1310 uon
1397 1242 1584 1312 audiamus
1634 1238 1773 1311 Datum

318 1653 429 1726 Carta
445 1654 596 1726 Roberti
614 1653 726 1749 Regis
744 1654 789 1725 de
806 1654 1020 1726 renovandis
1038 1656 1145 1726 oartis
1163 1655 1209 1725 ab
1226 1653 1360 1750 Anglis
1376 1655 1514 1727 ablatis.

221 1935 290 2001 138
322 1906 518 2004 Robertus
544 1931 603 2001 dei
621 1930 749 2003 Gratia
766 1930 849 2002 Rex
867 1930 1077 2003 Scottorum
1096 1929 1281 2003 Bernardo
1299 1928 1440 2003 Abbati
1465 1930 1511 2001 de
1528 1929 1771 2001 Abirbrothoo

319 2069 532 2142 cancellario
548 2067 611 2141 suo
629 2068 751 2141 Scotie
768 2066 921 2142 salutem
938 2070 1035 2155 Quia
1051 2070 1225 2141 veraciter
1242 2068 1489 2140 intelleximus
1506 2067 1601 2160 quod
1624 2066 1772 2163 Anglioi

317 2204 495 2279 hostiliter
506 2203 620 2302 sigilla
632 2209 860 2300 quarendum
877 2218 1057 2282 cartarum
1075 2207 1287 2280 diledtorum
1305 2202 1507 2278 nostrorum
1520 2207 1678 2277 virorum
1691 2204 1774 2277 roli-
1858 2212 1861 2219 '

316 2342 496 2441 giosorum
513 2343 672 2418 Abbatis
690 2354 728 2418 et
747 2355 949 2419 conventus
975 2345 1021 2418 de
1047 2345 1166 2419 Souna
1190 2347 1360 2439 nequiter
1376 2342 1600 2416 Avulseruut
1617 2354 1655 2416 et
1672 2339 1773 2436 quus·

318 2483 400 2555 dam
418 2482 581 2554 totaliter
606 2480 726 2555 seeum
744 2481 986 2556 Abstulerunt
1003 2483 1120 2557 Vobis
1146 2484 1358 2556 mandamus
1383 2491 1422 2554 et
1447 2484 1663 2577 precipimus
1688 2504 1774 2574 qua·

317 2630 425 2694 tenus
437 2622 515 2693 fieri
528 2622 668 2694 faciatis
681 2618 962 2694 commissionem
976 2624 1021 2693 de
1035 2620 1173 2716 capella
1185 2619 1306 2693 nostra
1317 2622 1355 2692 in
1367 2621 1490 2693 debita
1500 2620 1615 2692 forms
1626 2620 1772 2690 domino

318 2760 496 2841 mauricio
514 2760 572 2831 dei
590 2762 706 2855 gratia
723 2758 896 2833 Dunblaii
915 2759 1090 2855 Episcopo
1104 2769 1143 2831 ot
1156 2760 1258 2830 vobis
1271 2759 1333 2830 Ad
1351 2758 1632 2833 examinandum
1649 2758 1774 2829 videu-

318 2896 404 2968 dum
422 2907 461 2969 et
486 2897 741 2970 declarandum
767 2909 883 2971 camus
910 2895 1066 2993 ipsorum
1094 2893 1340 2992 religiosorum
1367 2921 1409 2970 ao
1435 2898 1661 2968 monimenta
1686 2919 1774 2989 quas

317 3042 355 3105 et
379 3058 450 3128 que
474 3058 571 3107 nune
596 3035 731 3107 habent
759 3035 809 3107 Et
835 3032 999 3107 fimiliter
1024 3034 1129 3130 super
1155 3038 1263 3107 cartis
1291 3036 1454 3107 totaliter
1479 3033 1683 3130 Asportatis
1709 3058 1774 3127 per

318 3172 490 3245 Inimioos
506 3174 551 3245 ad
569 3170 855 3268 cognoscendum
873 3171 1062 3268 superbiis
1080 3183 1118 3245 et
1135 3172 1332 3247 seeundum
1349 3174 1444 3266 quod
1463 3174 1575 3245 didos
1592 3170 1773 3268 religiosos

317 3312 386 3383 hiis
416 3308 543 3381 di'ebus
569 3307 717 3383 vestitos
744 3318 782 3383 et
813 3307 947 3383 saifitos
971 3308 1068 3406 juste
1095 3321 1133 3382 et
1160 3311 1307 3405 pacifice
1334 3312 1500 3404 poteritis
1529 3308 1699 3399 Invenire
1729 3311 1773 3380 de

318 3450 423 3520 terris
439 3448 639 3519 redditibus
663 3443 929 3543 polselllonibus
947 3449 1005 3519 vel
1022 3449 1251 3522 libertatibus
1277 3458 1393 3521 cartas
1418 3444 1556 3520 nostras
1581 3445 1686 3544 super
1710 3446 1774 3520 eis-

319 3585 400 3655 dem
427 3586 465 3655 in
493 3584 617 3656 debita
646 3586 760 3655 forma
790 3584 927 3677 capelle
957 3582 1076 3659 nostre
1106 3589 1210 3659 diuis
1240 3582 1412 3681 religiosis
1441 3589 1605 3658 renovari
1635 3587 1774 3659 faciatis

319 3719 455 3793 Datum
483 3723 594 3816 Apud
625 3722 781 3797 Soonam
809 3725 920 3794 tertio
950 3725 1009 3795 die
1036 3722 1193 3820 Augusti
1222 3724 1334 3796 Auno
1364 3723 1481 3821 Regni
1509 3720 1617 3795 nostri
1649 3724 1774 3796 ottavo

318 3860 468 3932 decimo.

319 4134 428 4209 Carta
445 4136 596 4209 Roberti
614 4136 725 4233 Regis
742 4160 789 4208 ue
807 4137 887 4229 quis
904 4158 1030 4209 uamos
1048 4145 1111 4209 sut
1127 4136 1315 4208 homiuum
1335 4134 1492 4208 Abbatis
1509 4136 1555 4207 de
1573 4134 1692 4207 Souna
1708 4160 1772 4231 pro

319 4273 441 4346 debito
462 4277 591 4367 capiat.

223 4548 291 4617 139
324 4518 521 4623 Robertus
550 4549 608 4619 dei
635 4548 762 4621 Gratia
783 4550 865 4621 Rex
895 4548 1105 4621 Scottorum
1133 4549 1300 4621 omuibus
1329 4548 1449 4642 probis
1478 4549 1683 4621 homiuibus
1706 4548 1776 4621 suis

323 4687 368 4759 ad
386 4708 475 4779 quos
491 4682 674 4779 presentes
692 4686 814 4758 littere
832 4689 1063 4781 pervenerint
1089 4686 1255 4759 Salutem
1281 4686 1413 4759 Sciatis
1430 4688 1526 4780 quod
1543 4683 1776 4760 oouoeffimus

323 4820 493 4919 religiosus
511 4825 595 4895 viris
613 4822 751 4895 Abbati
777 4835 815 4896 et
841 4827 1036 4898 conventui
1064 4826 1109 4896 de
1136 4824 1255 4897 Sooua
1279 4825 1374 4917 quod
1400 4824 1522 4895 nullus
1547 4846 1672 4895 namos
1696 4820 1776 4896 suos

323 4971 386 5033 aut
413 4961 600 5031 hominum
627 4957 769 5032 suorum
798 4964 917 5056 capiat
941 4985 1006 5057 pro
1031 4962 1150 5055 aliquo
1176 4963 1299 5033 debito
1325 4962 1518 5055 inquibus
1543 4958 1777 5057 ipsrreligiosr

323 5107 494 5169 tenentur
512 5098 569 5169 vel
586 5121 651 5193 pro
669 5096 847 5194 plegiagio
864 5099 985 5193 aliquo
1002 5096 1113 5192 usque
1140 5100 1184 5170 ad
1210 5101 1407 5171 terminum
1431 5100 1537 5170 unius
1554 5099 1638 5170 anni
1656 5123 1678 5170 a
1694 5100 1779 5171 data
