4917 6509
636 829 681 900 66
1144 822 1302 893 LIBER
1329 820 1576 894 ECCLESIE
1911 842 1990 893 sec.
2008 841 2097 892 xrrr.

635 1026 679 1097 ad
694 1027 859 1097 debitum
871 1024 1089 1117 perducatur
1102 1020 1270 1093 effedcum
1316 1020 1410 1091 Cum
1424 1022 1548 1113 itaque
1561 1017 1654 1091 licut
1667 1042 1713 1091 ex
1727 1014 1844 1091 vestra
1855 1015 2098 1093 insinuatione

635 1164 826 1235 didicimus
853 1162 947 1231 bone
972 1160 1147 1231 memorie
1163 1158 1198 1229 J.
1217 1156 1251 1229 u
1269 1156 1394 1230 Sancti
1411 1157 1591 1251 Stephani
1607 1159 1646 1228 in
1663 1158 1766 1229 Oelio
1784 1166 1909 1229 monte
1925 1154 2101 1252 presbiter

637 1298 837 1371 Cardinalis
854 1299 941 1368 dum
960 1299 997 1367 in
1015 1296 1177 1390 partibus
1191 1295 1263 1366 illis
1280 1295 1471 1390 legationis
1484 1296 1601 1367 officio
1618 1296 1832 1391 fungeretur
1847 1291 2036 1367 ecclesiam
2053 1297 2100 1367 de

638 1438 840 1509 Cherintun
862 1458 970 1529 quam
988 1436 1130 1506 habetis
1147 1436 1185 1504 in
1202 1434 1355 1529 propriis
1372 1429 1493 1505 usibus
1511 1434 1730 1528 reparationi
1753 1429 1902 1505 ecclesre
1924 1429 2041 1505 vestre
2057 1456 2100 1505 ac

639 1576 860 1648 edificiorum
872 1570 1069 1645 vestrorum
1083 1572 1184 1643 vobis
1197 1571 1405 1644 volentibus
1418 1582 1457 1643 et
1469 1572 1679 1666 petentibus
1694 1572 1883 1666 deputavit
1895 1594 1962 1643 nos
1974 1570 2100 1644 vestris

554 1700 558 1711 ’
639 1714 805 1808 precibus
822 1711 986 1785 inclinati
1006 1710 1101 1802 quod
1118 1711 1165 1780 ab
1182 1711 1310 1781 eodem
1332 1709 1453 1805 legato
1475 1712 1627 1803 prouide
1645 1718 1683 1781 et
1700 1711 1874 1782 canonice
1895 1709 2030 1781 sadum
2047 1707 2101 1781 est

639 1852 854 1923 authoritate
881 1846 1075 1943 apostolica
1098 1847 1352 1919 confirmamus
1380 1856 1420 1918 et
1436 1844 1613 1941 presentis
1633 1845 1757 1941 scripti
1779 1850 1979 1940 patrocinio
2004 1872 2102 1920 com·

640 1990 824 2059 munimus
864 1984 1068 2057 Distridcius
1086 1985 1292 2057 inhibentes
1310 1986 1450 2077 nequis
1468 2008 1490 2055 a
1505 1986 1610 2056 uobis
1628 1986 1673 2056 de
1687 1987 1775 2056 ortis
1787 1986 1953 2081 virgultis
1970 1995 2009 2057 et
2026 1988 2101 2058 ani-

641 2125 791 2197 malium
819 2124 1053 2194 nutrimentis
1084 2123 1242 2193 decimas
1271 2122 1405 2227 audeat
1432 2132 1650 2215 extorquere
1702 2121 1810 2193 Nulli
1838 2146 1924 2218 ergo
1954 2124 2101 2195 omnino

641 2266 830 2335 hominum
848 2262 957 2334 liceat
983 2260 1076 2331 hanc
1100 2262 1269 2354 paginam
1293 2256 1413 2330 nostre
1434 2260 1717 2331 confirmationis
1738 2268 1777 2330 et
1802 2260 2029 2332 inhibitionis
2049 2264 2103 2331 in·

642 2402 798 2496 fringere
822 2398 881 2469 vel
898 2400 931 2468 ei
958 2394 1045 2469 ausu
1071 2397 1264 2467 temerario
1294 2398 1474 2467 contraire
1497 2392 1525 2467 sr
1549 2396 1630 2488 quis
1649 2405 1774 2467 autem
1797 2396 1867 2468 hoc
1884 2406 2103 2491 attemptare

643 2534 894 2633 presumpserit
908 2535 1193 2629 indignationem
1209 2534 1469 2626 omnipotentis
1487 2532 1559 2604 Dei
1570 2541 1609 2604 et
1626 2534 1818 2605 beatorum
1832 2532 1932 2605 Petri
1945 2543 1984 2605 et
1997 2534 2103 2606 Pauli

643 2670 883 2770 apostolorum
898 2672 975 2765 ejus
989 2668 1024 2741 se
1038 2672 1179 2741 noverit
1196 2666 1424 2741 incursurum
1455 2668 1593 2743 Datum
1609 2669 1727 2742 Reate
1740 2679 1870 2762 quarto
1886 2670 1929 2741 kl
1941 2670 1965 2741 J
1968 2672 2103 2764 annadj

644 2810 883 2884 Pontificatns
900 2804 1011 2879 nostri
1028 2807 1139 2878 Anno
1157 2808 1309 2879 decimo.

645 3087 753 3159 Bulla
769 3085 1052 3159 confirmationis
1070 3082 1224 3153 Honorii
1245 3080 1344 3175 Pape
1360 3078 1472 3172 Tertij

554 3369 623 3435 103
649 3339 853 3436 Honorius
870 3358 1056 3453 episcopus
1074 3356 1194 3428 servus
1210 3355 1394 3427 servorum
1412 3354 1484 3427 Dei
1501 3356 1640 3429 dilectis
1657 3358 1741 3431 siliis
1757 3360 1880 3433 abbati
1900 3357 2104 3455 monasterij

646 3499 766 3572 sandze
783 3497 957 3569 trinitatis
975 3496 1020 3567 de
1038 3494 1157 3565 Scona
1173 3489 1320 3585 ejusque
1337 3492 1507 3563 fratribus
1524 3502 1601 3564 tam
1614 3494 1840 3587 presentibus
1853 3520 1961 3590 quam
1974 3498 2105 3569 futuris

647 3634 850 3730 regularem
869 3633 982 3703 vitam
1000 3623 1160 3724 prosellls
1177 3629 1215 3698 in
1233 3636 1449 3721 perpetuum
1501 3630 1680 3715 Quotiens
1696 3655 1719 3703 a
1735 3634 1838 3705 nobis
1855 3637 1993 3727 petitur
2009 3634 2106 3727 quod

648 3774 814 3870 religioni
833 3780 871 3842 et
888 3764 1066 3839 honestati
1084 3766 1278 3839 convenire
1304 3762 1499 3838 dinoscitur
1522 3769 1644 3838 animo
1662 3792 1728 3841 nos
1745 3770 1851 3842 decet
1877 3770 2005 3842 libenti
2022 3793 2107 3841 oon·

649 3913 777 3985 cedere
810 3934 853 3983 ac
886 3907 1092 4002 petentium
1126 3899 1309 3975 desideriis
1343 3926 1542 3998 congruum
1572 3903 1779 4003 suffragium
1812 3910 1988 4001 impertiri
2053 3907 2109 3981 Ea

649 4058 796 4145 propter
823 4046 944 4120 dilecti
972 4047 1010 4116 in
1038 4042 1183 4113 domino
1211 4040 1276 4110 lilii
1304 4037 1428 4112 vestris
1448 4040 1556 4136 justis
1581 4042 2108 4137 postulationibusclementer

598 4206 602 4215 ·
650 4190 842 4261 annuimus
867 4193 905 4257 et
930 4183 1111 4277 prelatum
1132 4174 1387 4249 monasterium
1414 4176 1532 4253 sanae
1559 4183 1732 4254 trinitatis
1757 4182 1803 4253 de
1829 4182 1948 4255 Scona
1971 4184 2011 4255 in
2035 4208 2106 4277 quo

649 4327 770 4397 divino
798 4320 882 4396 estis
911 4318 1080 4411 obsequio
1110 4316 1307 4408 mancipati
1332 4310 1397 4388 sub
1421 4318 1520 4390 beati
1547 4317 1648 4391 Petri
1673 4329 1712 4391 et
1737 4316 1859 4393 nostra
1884 4323 2107 4414 protettione

648 4459 859 4555 suscipimus
893 4467 931 4530 et
966 4454 1141 4551 presentis
1174 4450 1297 4545 scripti
1336 4453 1523 4550 privilegio
1557 4458 1823 4527 communimus
1898 4456 1945 4528 In
1983 4460 2107 4552 primis

649 4596 824 4694 liquidem
849 4592 1054 4701 statuentes
1076 4600 1119 4662 ut
1144 4589 1231 4660 ordo
1259 4593 1453 4663 canonicus
1479 4594 1540 4685 qui
1565 4591 1764 4665 secundum
1789 4592 1912 4666 Deum
1942 4604 1980 4667 et
2009 4595 2107 4667 beati

649 4730 846 4831 Augustini
872 4730 1035 4841 regulam
1062 4730 1100 4799 in
1128 4726 1256 4797 eodem
1284 4726 1363 4799 loco
1391 4726 1577 4802 institutus
1605 4727 1675 4802 esse
1702 4728 1899 4803 dinoscitur
1924 4733 2108 4826 perpetuis

650 4874 785 4946 ibidem
799 4870 1023 4965 temporibus
1035 4860 1294 4939 inviolabiliter
1304 4863 1513 4938 observetur
1547 4865 2110 4963 Pretereaquascumqnepolles·

651 5006 767 5083 fiones
806 5031 1021 5103 quecunque
1054 5008 1150 5080 bona
1183 5010 1281 5084 idem
1319 5001 1574 5078 monasterium
1608 5004 1907 5101 inpresentiarum
1938 5002 2037 5101 juste
2069 5030 2111 5079 ac
