4917 6509
664 786 714 891 'aa
1183 816 1340 888 arnan
1368 816 1615 891 auctusne
1944 841 2021 893 sac.
2041 841 2129 893 xm.

668 1020 760 1090 terio
777 1016 837 1111 pia
861 1024 899 1087 et
925 1016 1074 1109 provida
1098 1015 1319 1091 liberalitate
1344 1012 1515 1089 concessit
1540 1026 1649 1111 prout
1671 1018 1710 1089 in
1727 1013 1968 1089 instnrmento
1986 1020 2132 1113 publico

668 1152 774 1248 super
789 1154 858 1225 hoo
877 1154 1041 1225 confetto
1058 1153 1200 1247 plenius
1218 1156 1426 1225 continetur
1489 1151 1569 1226 Nos
1586 1157 1710 1246 itaque
1727 1150 1852 1225 restris
1865 1152 2133 1250 supplicationi·

669 1295 737 1365 bus
765 1291 928 1363 inclinati
957 1293 1053 1384 quod
1079 1316 1144 1387 per
1169 1293 1326 1363 eundem
1352 1291 1559 1364 Johannem
1586 1288 1693 1386 super
1719 1292 1788 1363 hoc
1821 1293 1971 1385 provide
1998 1295 2133 1365 sadum

671 1427 724 1503 est
752 1428 888 1502 Ratum
916 1429 1091 1501 habentes
1119 1438 1157 1500 et
1184 1438 1330 1524 gratum
1356 1430 1393 1501 id
1421 1430 1637 1501 authoritate
1663 1426 1856 1523 apostolica
1882 1431 2135 1503 confirmamus

672 1576 710 1639 et
727 1564 902 1660 presentis
919 1564 1041 1660 scripti
1067 1566 1268 1660 patrocinio
1294 1568 1560 1639 communimus
1576 1566 1755 1639 Tenorem
1772 1560 1880 1660 ipsrus
1898 1563 2134 1641 Instrumenti

673 1705 719 1777 de
736 1704 845 1775 verbo
863 1704 909 1774 ad
927 1702 1076 1775 verbum
1094 1700 1322 1797 presentibus
1338 1702 1472 1775 litteris
1487 1700 1595 1775 inseri
1611 1704 1786 1775 facientes
1804 1704 1866 1795 qui
1884 1703 1967 1775 talis
1984 1702 2037 1775 est
2088 1704 2133 1775 In

673 1842 820 1913 nomine
846 1841 982 1911 domini
1006 1863 1113 1912 amen
1136 1839 1249 1911 Anno
1275 1840 1411 1911 domini
1436 1840 1540 1913 ‹o⁰cc⁰
1566 1837 1827 1937 septuagesimo
1845 1846 1883 1911 2⁰
1934 1840 2136 1914 Indictione

676 1978 944 2071 quintadecima
969 1972 1124 2048 secundo
1147 1975 1188 2047 kl
1214 2018 1222 2033 ·
1249 1973 1407 2071 Augusti
1433 1978 1665 2071 pontificatus
1690 1978 1827 2050 domini
1850 1980 2017 2075 Gregorii
2044 2002 2136 2073 pape

675 2117 806 2187 decimi
832 2137 926 2186 anno
939 2092 1068 2207 'primo
1094 2112 1277 2186 Noverint
1302 2110 1457 2185 univerfi
1474 2116 1642 2210 paginam
1667 2112 1860 2210 inspecturi
1886 2118 1982 2209 quod
2002 2117 2041 2188 in
2058 2140 2136 2209 pre-

675 2253 791 2325 sentia
807 2254 880 2324 mei
898 2251 1048 2323 Berardi
1073 2253 1205 2323 notarii
1233 2248 1448 2347 infrascripti
1473 2261 1512 2323 et
1537 2249 1683 2324 testium
1702 2250 1979 2347 subscriptorum
2005 2255 2136 2326 adhoc

676 2390 878 2485 specialiter
896 2398 1105 2461 vocatorum
1123 2398 1161 2460 et
1179 2398 1386 2485 rogatorum
1402 2388 1589 2461 lohannes
1605 2386 1715 2461 sraser
1731 2391 1777 2461 de
1794 2390 1961 2485 Glewym
1983 2391 2136 2463 clericus

677 2523 907 2623 Glasguensrs
925 2522 1072 2599 diocesis
1099 2526 1248 2597 donavit
1272 2526 1374 2597 dedit
1399 2536 1437 2598 et
1463 2522 1634 2599 coneeffit
1659 2527 1728 2599 Jus
1754 2538 1965 2621 patronatus
1989 2525 2138 2602 ecclesie

677 2666 723 2737 de
741 2663 897 2738 Glewim
923 2661 1082 2756 ejusdem
1109 2658 1256 2735 diocesis
1283 2672 1321 2734 st
1347 2665 1517 2757 quicquid
1536 2664 1629 2758 juris
1655 2665 1863 2758 temporalis
1890 2675 1929 2738 et
1945 2664 2138 2761 spiritualis

678 2801 752 2898 ipse
782 2811 820 2873 et
850 2802 926 2893 ejus
959 2798 1219 2894 predecessores
1252 2802 1382 2893 quibus
1416 2802 1453 2871 iu
1485 2801 1554 2873 hac
1588 2810 1691 2895 parte
1721 2798 1885 2875 succesit
1914 2804 2139 2877 obtinuerint

537 2986 548 3041 3
678 2952 716 3013 et
740 2939 934 3011 habuerint
959 2946 997 3009 et
1023 2936 1097 3031 ipse
1122 2939 1233 3011 habet
1259 2948 1298 3011 et
1324 2940 1466 3011 obtinet
1493 2963 1577 3011 cum
1604 2941 1771 3013 omnibus
1795 2942 1938 3033 juribus
1964 2952 2003 3013 et
2028 2944 2139 3047 perti-

678 3079 812 3151 nentiis
842 3074 914 3149 suis
949 3072 1138 3172 Religiosrs
1172 3078 1258 3148 viris
1293 3076 1452 3147 Domino
1487 3074 1667 3149 Nicholao
1698 3076 1836 3151 Abbati
1871 3088 1909 3151 et
1943 3082 2138 3152 conventui

678 3212 880 3289 <nonasterii
898 3212 1018 3287 sandes
1046 3212 1239 3285 Michaelis
1265 3214 1311 3284 de
1338 3212 1458 3285 Soona
1483 3214 1618 3287 ordinis
1643 3212 1754 3287 sancti
1781 3212 2141 3311 Augustini'Santti-

679 3355 811 3425 andree
837 3346 985 3424 diooefis
1011 3352 1157 3422 nomine
1182 3347 1292 3444 ipsius
1317 3346 1523 3421 monasterii
1550 3360 1588 3421 et
1614 3352 1732 3422 eidem
1758 3350 1973 3423 monasterio
1990 3351 2055 3425 sub
2072 3356 2140 3425 hac

680 3485 911 3583 simplicitate
936 3487 1129 3561 verborum
1180 3487 1260 3583 Ego
1285 3487 1473 3559 Johannes
1498 3484 1608 3559 sraser
1625 3488 1671 3559 de
1695 3488 1848 3583 glewym
1875 3490 2027 3562 clericus
2050 3491 2142 3585 glas·

679 3621 822 3722 guensis
840 3623 987 3697 diocesis
1014 3626 1210 3698 incendens
1236 3634 1286 3713 et
1300 3624 1470 3697 affectans
1496 3625 1534 3695 in
1559 3626 1817 3718 temporalibus
1843 3640 1881 3698 et
1898 3625 2142 3722 spiritualibus

682 3789 752 3859 que
772 3765 919 3837 obtineo
938 3775 976 3837 et
993 3765 1159 3837 obtinere
1180 3764 1295 3837 debeo
1321 3751 1359 3835 et
1384 3764 1431 3833 ad
1456 3784 1516 3833 me
1542 3763 1727 3855 pertinent
1744 3772 1783 3835 et
1800 3765 1982 3857 pertinere
1999 3761 2142 3860 possunt

682 3913 758 3975 tam
784 3905 924 3975 ratione
949 3899 1098 3997 persone
1123 3924 1205 3973 mee
1231 3924 1339 3994 quam
1364 3901 1504 3972 ratione
1529 3898 1675 3971 illorum
1696 3897 1954 3974 antecessorum
1979 3926 2142 3974 meorum

683 4041 812 4133 quibus
842 4036 987 4115 sucosffi
1022 4050 1060 4111 et
1090 4035 1282 4111 succedere
1316 4035 1431 4109 debeo
1466 4038 1504 4108 in
1536 4036 1605 4109 hac
1637 4048 1740 4131 parte
1773 4040 1811 4109 in
1842 4036 2004 4111 Ecclesia
2031 4038 2142 4111 sandi

683 4178 875 4251 cuthberti
902 4180 947 4250 de
973 4178 1155 4274 glenwym
1180 4171 1362 4247 Christum
1387 4176 1499 4246 michi
1518 4176 1690 4247 heredem
1707 4172 1922 4249 substituere
1946 4178 2057 4249 etiam
2083 4200 2142 4247 me

682 4315 829 4385 vivente
855 4314 923 4385 Jus
952 4321 1165 4407 patronatus
1195 4321 1234 4385 et
1264 4313 1434 4405 quicquid
1461 4312 1554 4404 juris
1583 4312 1656 4384 mei
1687 4322 1763 4384 tam
1794 4314 2001 4407 temporalis
2035 4338 2142 4407 quam

683 4446 875 4543 spiritualis
901 4446 970 4522 else
997 4446 1114 4543 potest
1137 4457 1180 4521 ut
1197 4447 1359 4542 superius
1384 4443 1438 4520 est
1454 4442 1654 4542 expressum
1681 4450 1775 4521 dono
1797 4458 1835 4521 et
1853 4452 2012 4523 concedo
2032 4452 2144 4523 libere

683 4597 721 4658 et
751 4584 953 4658 voluntarie
983 4581 1174 4681 Religiosrs
1205 4585 1290 4655 viris
1318 4584 1464 4655 domino
1495 4583 1676 4657 Nicholao
1705 4585 1844 4659 Abbati
1879 4596 1918 4658 et
1948 4592 2143 4659 conventui

682 4720 888 4797 monasterii
921 4719 1219 4795 sandimichaelis
1254 4722 1299 4793 de
1334 4720 1453 4793 Scona
1486 4723 1621 4795 ordinis
1655 4720 1765 4795 sanai
1805 4722 2000 4819 Augustini
2034 4722 2142 4797 sancti

684 4859 832 4932 Andree
858 4855 1006 4932 diooefis
1033 4860 1179 4931 nomine
1207 4856 1316 4953 ipsrus
1341 4854 1547 4930 monasterii
1573 4866 1611 4930 st
1637 4860 1756 4931 eidem
1783 4857 1998 4933 monasterio
2026 4864 2064 4933 in
2091 4886 2146 4934 re-

684 4998 845 5071 medium
862 5006 1094 5091 peecatorum
1112 5019 1276 5067 meorum
1294 5005 1332 5069 et
1349 4994 1494 5068 illoram
1513 4995 1643 5089 quibus
1659 4998 1697 5067 in
1715 4998 1884 5089 predictis
1901 4994 2046 5071 saccelli
2063 5022 2145 5072 meo
