4917 6509
385 804 471 858 nuc.
492 808 602 859 ruux.
624 808 665 859 11.
804 790 841 862 S.
868 786 1167 860 TRINITATIS
1194 786 1265 859 DE
1292 787 1439 861 SCON.
1802 793 1849 868 67

384 988 556 1059 canonice
572 984 727 1082 possidet
751 996 816 1060 aut
840 988 879 1059 in
904 988 1068 1059 futurum
1086 982 1310 1059 concessione
1334 987 1548 1081 pontificum
1573 986 1767 1083 largitione
1792 1012 1849 1060 re-

383 1146 470 1218 gum
496 1124 555 1197 vel
580 1128 783 1220 principum
807 1125 992 1198 oblatione
1016 1124 1179 1196 fidelium
1204 1121 1267 1196 seu
1291 1125 1371 1197 aliis
1390 1122 1498 1219 justis
1523 1127 1640 1197 modis
1665 1122 1848 1226 prestante

384 1262 530 1334 domino
555 1266 690 1358 poterit
716 1262 862 1359 adipisci
887 1266 991 1335 lirma
1016 1263 1117 1333 vobis
1142 1258 1336 1355 vestrisque
1361 1260 1615 1335 successoribus
1640 1274 1680 1335 et
1705 1264 1847 1337 illibata

382 1410 618 1493 permaneant
687 1400 734 1473 In
760 1402 890 1494 quibus
915 1402 982 1471 hec
1011 1401 1163 1493 propriis
1193 1400 1364 1471 duximus
1393 1401 1631 1495 exprimenda
1661 1402 1845 1474 vocabulis

382 1535 503 1609 locum
532 1536 647 1632 ipsum
677 1541 715 1611 in
746 1562 817 1633 quo
844 1538 1024 1631 prefatum
1055 1535 1313 1608 monasterium
1342 1532 1451 1608 situm
1482 1534 1535 1609 est
1563 1562 1647 1609 cum
1678 1541 1845 1610 omnibus

381 1677 611 1767 pertinentiis
628 1676 700 1749 suis
725 1672 911 1749 ecclesiam
937 1675 982 1745 de
1008 1671 1297 1745 Cambusmichel
1323 1697 1407 1745 cum
1433 1677 1663 1768 pertinentiis
1688 1675 1761 1749 snis
1787 1700 1845 1747 ec·

381 1809 525 1886 clesram
551 1816 597 1887 de
623 1815 884 1911 Inuergouerin
910 1836 994 1883 cum
1020 1813 1250 1905 pertinentiis
1274 1808 1346 1882 suis
1372 1811 1559 1885 ecclesiam
1586 1814 1630 1884 de
1657 1813 1732 1907 Lys
1757 1838 1842 1887 cum

379 1954 610 2045 pertinentiis
634 1951 705 2027 suis
730 1945 916 2024 ecclesiam
947 1950 992 2021 de
1024 1948 1126 2043 Logy
1154 1948 1289 2021 Dunde
1315 1973 1399 2021 cum
1425 1952 1654 2044 pertinentiis
1682 1949 1753 2022 suis
1784 1976 1842 2023 ec·

381 2085 524 2161 clessam
555 2091 600 2161 de
630 2088 837 2161 Loehoruer
869 2110 953 2159 cum
983 2088 1212 2180 pertinentiis
1242 2084 1312 2157 suis
1342 2083 1530 2160 ecclesiam
1560 2089 1605 2160 de
1626 2087 1843 2161 'Kerinthon

380 2250 463 2297 cum
493 2230 722 2321 pertinentiis
749 2225 821 2298 suis
849 2222 1037 2299 ecclesram
1068 2226 1114 2296 dc
1144 2223 1247 2319 Logy
1278 2223 1437 2296 Mached
1468 2248 1552 2297 cum
1587 2226 1735 2319 capellis
1771 2224 1842 2297 suis

380 2361 566 2437 ecclesiam
597 2366 642 2436 de
673 2364 799 2460 Heyth
835 2387 918 2437 cum
952 2363 1181 2457 pertinentiis
1211 2359 1283 2433 suis
1312 2342 1499 2434 ecclesiam
1529 2363 1575 2435 de
1605 2363 1724 2434 Evein
1758 2386 1842 2435 cum

380 2503 528 2598 capellis
560 2500 630 2575 suis
664 2499 851 2575 ecclesiam
885 2502 931 2573 de
964 2499 1180 2593 Kyldonach
1212 2522 1297 2571 cum
1326 2498 1474 2592 capellis
1504 2508 1544 2571 et
1567 2502 1674 2572 terris
1699 2499 1770 2571 suis
1796 2501 1842 2571 de

377 2640 499 2714 Soona
515 2641 561 2712 de
578 2640 673 2736 Orng
689 2641 735 2712 de
752 2639 948 2733 Kynsauns
971 2646 1009 2710 et
1032 2637 1078 2709 de
1096 2636 1195 2708 Rath
1221 2636 1378 2730 capellas
1404 2660 1489 2707 cum
1514 2640 1744 2732 pertinentiis
1769 2635 1840 2708 suis

381 2780 438 2851 Ex
457 2779 551 2851 dono
577 2779 672 2851 clare
696 2779 870 2849 memorie
888 2775 1089 2847 Alexandri
1116 2774 1228 2868 Regis
1254 2773 1379 2846 Scotie
1405 2774 1530 2847 villam
1556 2775 1731 2848 Inrerbos
1756 2799 1840 2847 cum

381 2917 442 2989 sex
472 2918 647 2989 carucatis
681 2884 777 2987 terre
807 2914 932 2986 villam
961 2914 1008 2984 de
1038 2911 1246 2983 Benchcrin
1275 2935 1359 2983 cum
1389 2913 1506 3007 tribus
1536 2916 1713 2986 carucatis
1743 2924 1839 2986 terre

380 3055 555 3128 Fctheros
572 3054 609 3125 K
612 3054 769 3149 ynthred
786 3048 951 3147 Fyngalk
966 3050 1164 3121 Dufrothin
1177 3048 1253 3140 Lyi
1265 3048 1418 3142 Grudyn
1435 3059 1474 3120 et
1491 3049 1738 3145 Inuergowrin
1756 3074 1839 3121 cum

380 3196 485 3264 terris
502 3203 541 3263 et
557 3185 824 3285 possessionibus
837 3186 908 3259 suis
926 3190 964 3259 in
978 3182 1211 3258 Ednesburch
1228 3187 1267 3256 in
1282 3184 1466 3279 Strivelyn
1485 3188 1522 3256 in
1534 3185 1783 3279 Inuerlrethyn
1801 3188 1839 3258 in

381 3330 494 3403 Perth
510 3332 548 3401 in
562 3328 736 3401 Aberdon
753 3329 791 3398 in
805 3322 974 3421 Lynliscu
988 3324 1083 3396 tofta
1094 3346 1178 3395 cum
1191 3324 1421 3416 pertinentiis
1434 3320 1504 3394 suis
1555 3325 1735 3396 Redditus
1752 3325 1840 3396 duo-

379 3492 459 3540 mm
477 3469 614 3539 recium
632 3467 670 3536 in
687 3488 780 3557 aqua
797 3465 842 3535 de
852 3462 953 3556 They
969 3462 1133 3533 redditus
1149 3463 1257 3531 unius
1270 3463 1358 3532 retis
1371 3463 1410 3531 in
1422 3460 1533 3532 Fortlr
1548 3464 1643 3556 apud
1655 3462 1839 3557 Strirelyn

380 3604 531 3678 insulam
549 3605 595 3675 de
614 3602 778 3695 Loohtey
790 3624 873 3672 cum
891 3599 1120 3693 pertinentiis
1137 3595 1209 3669 suis
1226 3620 1357 3669 canum
1374 3608 1414 3668 et
1430 3597 1708 3671 eonsuetudines
1731 3603 1840 3672 unius

378 3746 480 3817 navis
506 3745 544 3814 in
569 3743 683 3837 burgo
709 3740 755 3812 de
781 3738 894 3810 Perth
919 3738 1055 3809 curiam
1081 3737 1118 3805 in
1144 3734 1265 3807 Seona
1289 3758 1372 3807 cum
1397 3738 1627 3838 pertinentiis
1647 3735 1719 3810 suis
1781 3739 1840 3809 Ex

353 3880 360 3893 ”
380 3882 474 3953 dono
491 3881 587 3953 clare
603 3879 775 3950 memorie
793 3876 913 3948 David
930 3874 1041 3968 Regis
1058 3872 1268 3944 Scottorum
1293 3873 1456 3944 redditus
1481 3875 1631 3968 triginta
1646 3872 1839 3947 solidorum

360 3984 418 4091 'in
445 4019 533 4090 villa
559 4018 605 4089 de
632 4015 746 4086 Perth
774 4012 896 4083 villam
925 4011 971 4081 de
998 3994 1300 4082 Cambusmichell
1329 4032 1412 4079 curn
1439 4011 1670 4101 pertinentiis
1696 4010 1767 4083 suis
1782 4015 1840 4084 ‚de

381 4157 500 4230 Scona
529 4158 574 4228 de
601 4154 723 4248 Cupre
751 4152 796 4223 de
825 4148 1055 4244 Foregrunde
1085 4156 1124 4217 et
1150 4145 1196 4217 de
1221 4143 1464 4218 Strathardell
1491 4148 1654 4218 redditus
1705 4148 1840 4221 Reddi·

380 4305 441 4367 tus
468 4294 756 4365 molendinorum
784 4285 888 4381 super
911 4284 1038 4356 Amun
1065 4284 1226 4355 redditur
1252 4283 1299 4353 de
1322 4282 1510 4378 Forgrund
1536 4308 1578 4356 ac
1604 4284 1692 4356 alias
1714 4281 1840 4380 posses·

380 4429 496 4504 siones
513 4452 597 4503 cum
614 4429 725 4522 pratis
742 4426 857 4496 vineis
874 4423 979 4494 terris
996 4421 1203 4493 nemoribus
1220 4416 1377 4515 usuagiis
1394 4428 1432 4491 et
1449 4418 1586 4513 pascuis
1613 4424 1651 4494 in
1677 4422 1783 4495 bosco
1800 4434 1839 4495 et

380 4570 489 4663 pleno
505 4571 543 4641 in
560 4568 662 4661 aquis
679 4572 718 4637 et
735 4560 950 4634 molendinis
965 4561 1006 4631 in
1023 4560 1089 4629 viis
1107 4566 1145 4629 et
1162 4554 1300 4629 semitis
1317 4565 1355 4628 et
1372 4559 1540 4630 omnibus
1557 4560 1636 4632 aliis
1661 4561 1838 4635 libertati·

380 4709 449 4780 bus
483 4715 522 4778 et
555 4700 846 4777 immunitatibus
879 4695 951 4769 suis
1002 4694 1098 4768 Sane
1132 4694 1317 4766 novalium
1350 4692 1549 4769 vestrorum
1582 4723 1653 4791 que
1686 4703 1837 4793 propriis

380 4844 546 4917 manibus
562 4849 628 4913 aut
643 4838 846 4931 sumptibus
863 4834 982 4907 colitis
1000 4833 1058 4904 vel
1084 4831 1129 4903 de
1154 4832 1388 4903 nutrimentis
1411 4835 1621 4907 animalium
1639 4833 1836 4910 vestrorum

380 4981 503 5107 nullus
520 5004 542 5052 a
559 4979 660 5050 vobis
677 4976 835 5047 decimas
852 4974 998 5065 exigere
1015 4968 1072 5041 vel
1087 4977 1303 5059 extorquere
1316 4967 1497 5061 presumat
1550 4972 1676 5045 Liceat
1692 4998 1836 5067 quoque
