<?xml version="1.0" encoding="UTF-8"?>
<!DOCTYPE html PUBLIC "-//W3C//DTD XHTML 1.0 Transitional//EN"
    "http://www.w3.org/TR/xhtml1/DTD/xhtml1-transitional.dtd">
<html xmlns="http://www.w3.org/1999/xhtml" xml:lang="en" lang="en">
 <head>
  <title>
</title>
<meta http-equiv="Content-Type" content="text/html;charset=utf-8" />
  <meta name='ocr-system' content='tesseract 3.04.00' />
  <meta name='ocr-capabilities' content='ocr_page ocr_carea ocr_par ocr_line ocrx_word'/>
</head>
<body>
  <div class='ocr_page' id='page_1' title='image "./liberecclesiede00abbegoog_0127.png"; bbox 0 0 4917 6509; ppageno 0'>
   <div class='ocr_carea' id='block_1_1' title="bbox 351 809 1812 927">
    <p class='ocr_par' dir='ltr' id='par_1_1' title="bbox 351 809 1812 927">
     <span class='ocr_line' id='line_1_1' title="bbox 351 809 1812 927; baseline 0.005 -12"><span class='ocrx_word' id='word_1_1' title='bbox 351 864 437 917; x_wconf 71' lang='grc' dir='ltr'><strong>ιιι.</strong></span> <span class='ocrx_word' id='word_1_2' title='bbox 456 865 568 917; x_wconf 83' lang='grc' dir='ltr'><strong>ιιιιι.</strong></span> <span class='ocrx_word' id='word_1_3' title='bbox 589 866 646 918; x_wconf 92' lang='grc' dir='ltr'><strong>ιιι.</strong></span> <span class='ocrx_word' id='word_1_4' title='bbox 758 844 795 918; x_wconf 86' lang='lat' dir='ltr'>s.</span> <span class='ocrx_word' id='word_1_5' title='bbox 822 842 1121 918; x_wconf 74' lang='lat' dir='ltr'>aerumans</span> <span class='ocrx_word' id='word_1_6' title='bbox 1148 844 1218 917; x_wconf 83' lang='lat' dir='ltr'>nn</span> <span class='ocrx_word' id='word_1_7' title='bbox 1245 845 1392 919; x_wconf 77' lang='lat' dir='ltr'>scon.</span> <span class='ocrx_word' id='word_1_8' title='bbox 1740 809 1812 927; x_wconf 60' lang='lat' dir='ltr'>&#39;va</span> 
     </span>
    </p>
   </div>
   <div class='ocr_carea' id='block_1_2' title="bbox 348 1039 1811 1828">
    <p class='ocr_par' dir='ltr' id='par_1_2' title="bbox 348 1039 1811 1828">
     <span class='ocr_line' id='line_1_2' title="bbox 349 1039 1811 1141; baseline 0.004 -28"><span class='ocrx_word' id='word_1_9' title='bbox 349 1039 440 1114; x_wconf 85' lang='lat' dir='ltr'>solid</span> <span class='ocrx_word' id='word_1_10' title='bbox 456 1055 481 1114; x_wconf 75' lang='lat' dir='ltr'>”t</span> <span class='ocrx_word' id='word_1_11' title='bbox 498 1046 578 1116; x_wconf 70' lang='lat' dir='ltr'>osto</span> <span class='ocrx_word' id='word_1_12' title='bbox 596 1045 709 1117; x_wconf 70' lang='lat' dir='ltr'>denos</span> <span class='ocrx_word' id='word_1_13' title='bbox 728 1084 737 1101; x_wconf 93' lang='lat'><strong>·</strong></span> <span class='ocrx_word' id='word_1_14' title='bbox 754 1041 907 1116; x_wconf 82' lang='lat' dir='ltr'>Tenand</span> <span class='ocrx_word' id='word_1_15' title='bbox 922 1056 948 1115; x_wconf 72' lang='lat' dir='ltr'>t</span> <span class='ocrx_word' id='word_1_16' title='bbox 966 1041 1126 1115; x_wconf 87' lang='lat' dir='ltr'>Habend</span> <span class='ocrx_word' id='word_1_17' title='bbox 1144 1044 1211 1116; x_wconf 72' lang='lat' dir='ltr'>ddo</span> <span class='ocrx_word' id='word_1_18' title='bbox 1228 1044 1254 1116; x_wconf 88' lang='lat' dir='ltr'>J</span> <span class='ocrx_word' id='word_1_19' title='bbox 1255 1042 1317 1117; x_wconf 79' lang='lat' dir='ltr'>oni</span> <span class='ocrx_word' id='word_1_20' title='bbox 1335 1044 1536 1141; x_wconf 87' lang='lat' dir='ltr'>Sparetunt</span> <span class='ocrx_word' id='word_1_21' title='bbox 1551 1058 1577 1116; x_wconf 66' lang='lat' dir='ltr'>t</span> <span class='ocrx_word' id='word_1_22' title='bbox 1593 1043 1723 1140; x_wconf 79' lang='lat' dir='ltr'>tedib3</span> <span class='ocrx_word' id='word_1_23' title='bbox 1739 1045 1811 1121; x_wconf 91' lang='lat' dir='ltr'>suis</span> 
     </span>
     <span class='ocr_line' id='line_1_3' title="bbox 350 1162 1809 1281; baseline 0.003 -28"><span class='ocrx_word' id='word_1_24' title='bbox 350 1181 395 1253; x_wconf 73' lang='lat' dir='ltr'>aa</span> <span class='ocrx_word' id='word_1_25' title='bbox 420 1163 514 1277; x_wconf 70' lang='grc' dir='ltr'><strong>βιειι</strong></span> <span class='ocrx_word' id='word_1_26' title='bbox 541 1162 650 1281; x_wconf 59' lang='lat' dir='ltr'>rufio</span> <span class='ocrx_word' id='word_1_27' title='bbox 672 1194 698 1252; x_wconf 74' lang='lat' dir='ltr'>a</span> <span class='ocrx_word' id='word_1_28' title='bbox 718 1178 848 1275; x_wconf 59' lang='lat' dir='ltr'>nediu</span> <span class='ocrx_word' id='word_1_29' title='bbox 872 1178 944 1253; x_wconf 80' lang='lat' dir='ltr'>sun</span> <span class='ocrx_word' id='word_1_30' title='bbox 966 1234 974 1250; x_wconf 93' lang='lat'><strong>.</strong></span> <span class='ocrx_word' id='word_1_31' title='bbox 999 1182 1052 1252; x_wconf 76' lang='lat' dir='ltr'>na</span> <span class='ocrx_word' id='word_1_32' title='bbox 1076 1180 1150 1251; x_wconf 72' lang='lat' dir='ltr'>nae</span> <span class='ocrx_word' id='word_1_33' title='bbox 1167 1221 1176 1238; x_wconf 82' lang='lat'><strong>·</strong></span> <span class='ocrx_word' id='word_1_34' title='bbox 1195 1184 1344 1275; x_wconf 83' lang='lat' dir='ltr'>quiete·</span> <span class='ocrx_word' id='word_1_35' title='bbox 1366 1182 1494 1277; x_wconf 72' lang='lat' dir='ltr'>punc</span> <span class='ocrx_word' id='word_1_36' title='bbox 1511 1196 1563 1254; x_wconf 59' lang='lat' dir='ltr'>a</span> <span class='ocrx_word' id='word_1_37' title='bbox 1587 1184 1809 1257; x_wconf 68' lang='lat' dir='ltr'>nomano·</span> 
     </span>
     <span class='ocr_line' id='line_1_4' title="bbox 349 1300 1807 1417; baseline 0.006 -30"><span class='ocrx_word' id='word_1_38' title='bbox 349 1312 441 1389; x_wconf 88' lang='lat' dir='ltr'>sient</span> <span class='ocrx_word' id='word_1_39' title='bbox 464 1329 565 1392; x_wconf 85' lang='lat' dir='ltr'>carta</span> <span class='ocrx_word' id='word_1_40' title='bbox 588 1320 645 1391; x_wconf 78' lang='lat' dir='ltr'>ddi</span> <span class='ocrx_word' id='word_1_41' title='bbox 672 1300 771 1417; x_wconf 54' lang='lat' dir='ltr'>nodi</span> <span class='ocrx_word' id='word_1_42' title='bbox 798 1302 892 1415; x_wconf 70' lang='lat' dir='ltr'>fidd&#39;o</span> <span class='ocrx_word' id='word_1_43' title='bbox 915 1315 1002 1389; x_wconf 80' lang='lat' dir='ltr'>Johi</span> <span class='ocrx_word' id='word_1_44' title='bbox 1029 1319 1161 1390; x_wconf 81' lang='lat' dir='ltr'>exinde</span> <span class='ocrx_word' id='word_1_45' title='bbox 1185 1322 1348 1393; x_wconf 71' lang='lat' dir='ltr'>consessa</span> <span class='ocrx_word' id='word_1_46' title='bbox 1370 1320 1492 1415; x_wconf 67' lang='lat' dir='ltr'>plenis</span> <span class='ocrx_word' id='word_1_47' title='bbox 1508 1318 1606 1417; x_wconf 83' lang='lat' dir='ltr'>juste</span> <span class='ocrx_word' id='word_1_48' title='bbox 1627 1320 1807 1395; x_wconf 86' lang='lat' dir='ltr'>testatur·</span> 
     </span>
     <span class='ocr_line' id='line_1_5' title="bbox 349 1427 1808 1550; baseline 0.003 -23"><span class='ocrx_word' id='word_1_49' title='bbox 349 1453 458 1527; x_wconf 86' lang='lat' dir='ltr'>Salvo</span> <span class='ocrx_word' id='word_1_50' title='bbox 475 1429 592 1529; x_wconf 65' lang='lat' dir='ltr'>svicio</span> <span class='ocrx_word' id='word_1_51' title='bbox 616 1458 682 1529; x_wconf 81' lang='lat' dir='ltr'>nio</span> <span class='ocrx_word' id='word_1_52' title='bbox 699 1499 708 1515; x_wconf 93' lang='lat'><strong>·</strong></span> <span class='ocrx_word' id='word_1_53' title='bbox 727 1455 814 1529; x_wconf 83' lang='lat' dir='ltr'>Test</span> <span class='ocrx_word' id='word_1_54' title='bbox 832 1510 841 1527; x_wconf 92' lang='lat'><strong>.</strong></span> <span class='ocrx_word' id='word_1_55' title='bbox 860 1427 995 1529; x_wconf 67' lang='lat' dir='ltr'>walse</span> <span class='ocrx_word' id='word_1_56' title='bbox 1013 1456 1156 1550; x_wconf 84' lang='lat' dir='ltr'>Cnmyn</span> <span class='ocrx_word' id='word_1_57' title='bbox 1174 1452 1268 1529; x_wconf 70' lang='lat' dir='ltr'>com</span> <span class='ocrx_word' id='word_1_58' title='bbox 1286 1459 1332 1531; x_wconf 91' lang='lat' dir='ltr'>de</span> <span class='ocrx_word' id='word_1_59' title='bbox 1349 1456 1507 1531; x_wconf 84' lang='lat' dir='ltr'>Menesh</span> <span class='ocrx_word' id='word_1_60' title='bbox 1525 1500 1533 1517; x_wconf 93' lang='lat'><strong>·</strong></span> <span class='ocrx_word' id='word_1_61' title='bbox 1554 1458 1606 1529; x_wconf 94' lang='lat' dir='ltr'>W</span> <span class='ocrx_word' id='word_1_62' title='bbox 1624 1499 1632 1515; x_wconf 94' lang='lat'><strong>·</strong></span> <span class='ocrx_word' id='word_1_63' title='bbox 1650 1459 1744 1532; x_wconf 75' lang='lat' dir='ltr'>Cossi</span> <span class='ocrx_word' id='word_1_64' title='bbox 1763 1463 1808 1532; x_wconf 88' lang='lat' dir='ltr'>de</span> 
     </span>
     <span class='ocr_line' id='line_1_6' title="bbox 348 1590 1805 1693; baseline 0.003 -30"><span class='ocrx_word' id='word_1_65' title='bbox 348 1590 453 1664; x_wconf 78' lang='lat' dir='ltr'>Mari</span> <span class='ocrx_word' id='word_1_66' title='bbox 471 1634 479 1650; x_wconf 94' lang='lat'><strong>·</strong></span> <span class='ocrx_word' id='word_1_67' title='bbox 497 1604 522 1664; x_wconf 71' lang='lat' dir='ltr'>t</span> <span class='ocrx_word' id='word_1_68' title='bbox 541 1594 635 1693; x_wconf 63' lang='grc' dir='ltr'>Ηυξ</span> <span class='ocrx_word' id='word_1_69' title='bbox 650 1595 696 1667; x_wconf 90' lang='lat' dir='ltr'>de</span> <span class='ocrx_word' id='word_1_70' title='bbox 713 1593 898 1691; x_wconf 69' lang='lat' dir='ltr'>Berkeley</span> <span class='ocrx_word' id='word_1_71' title='bbox 914 1593 999 1666; x_wconf 77' lang='lat' dir='ltr'>Just</span> <span class='ocrx_word' id='word_1_72' title='bbox 1019 1591 1193 1666; x_wconf 80' lang='lat' dir='ltr'>Laodoir·</span> <span class='ocrx_word' id='word_1_73' title='bbox 1214 1591 1285 1687; x_wconf 74' lang='lat' dir='ltr'>apd</span> <span class='ocrx_word' id='word_1_74' title='bbox 1304 1595 1418 1666; x_wconf 88' lang='lat' dir='ltr'>Perth</span> <span class='ocrx_word' id='word_1_75' title='bbox 1434 1634 1443 1650; x_wconf 91' lang='lat'><strong>·</strong></span> <span class='ocrx_word' id='word_1_76' title='bbox 1461 1599 1546 1667; x_wconf 77' lang='lat' dir='ltr'>xvi²⁰</span> <span class='ocrx_word' id='word_1_77' title='bbox 1565 1597 1624 1668; x_wconf 89' lang='lat' dir='ltr'>die</span> <span class='ocrx_word' id='word_1_78' title='bbox 1642 1597 1805 1670; x_wconf 69' lang='lat' dir='ltr'>Octobr·</span> 
     </span>
     <span class='ocr_line' id='line_1_7' title="bbox 349 1708 1540 1828; baseline 0.003 -26"><span class='ocrx_word' id='word_1_79' title='bbox 349 1730 450 1803; x_wconf 78' lang='grc' dir='ltr'><strong>Αιιιιι</strong></span> <span class='ocrx_word' id='word_1_80' title='bbox 467 1727 587 1828; x_wconf 71' lang='lat' dir='ltr'>negat</span> <span class='ocrx_word' id='word_1_81' title='bbox 604 1734 662 1805; x_wconf 79' lang='lat' dir='ltr'>nn</span> <span class='ocrx_word' id='word_1_82' title='bbox 680 1734 847 1805; x_wconf 82' lang='lat' dir='ltr'>decimo.</span> <span class='ocrx_word' id='word_1_83' title='bbox 1460 1708 1466 1720; x_wconf 86' lang='lat'><em>&#39;</em></span> <span class='ocrx_word' id='word_1_84' title='bbox 1537 1770 1540 1775; x_wconf 95' lang='lat'>-</span> 
     </span>
    </p>
   </div>
   <div class='ocr_carea' id='block_1_3' title="bbox 347 2000 1509 2110">
    <p class='ocr_par' dir='ltr' id='par_1_3' title="bbox 347 2000 1509 2110">
     <span class='ocr_line' id='line_1_8' title="bbox 347 2000 1509 2110; baseline 0.002 -35"><span class='ocrx_word' id='word_1_85' title='bbox 347 2002 458 2076; x_wconf 85' lang='lat' dir='ltr'>Carta</span> <span class='ocrx_word' id='word_1_86' title='bbox 475 2003 620 2078; x_wconf 87' lang='lat' dir='ltr'>Ricardi</span> <span class='ocrx_word' id='word_1_87' title='bbox 639 2002 804 2100; x_wconf 84' lang='lat' dir='ltr'>Episcopi</span> <span class='ocrx_word' id='word_1_88' title='bbox 823 2000 1091 2077; x_wconf 90' lang='lat' dir='ltr'>Dunkeldenfis</span> <span class='ocrx_word' id='word_1_89' title='bbox 1109 2005 1154 2076; x_wconf 88' lang='lat' dir='ltr'>de</span> <span class='ocrx_word' id='word_1_90' title='bbox 1173 2004 1416 2101; x_wconf 79' lang='lat' dir='ltr'>Eogymahed.</span> <span class='ocrx_word' id='word_1_91' title='bbox 1501 2096 1509 2110; x_wconf 85' lang='lat'>.</span> 
     </span>
    </p>
   </div>
   <div class='ocr_carea' id='block_1_4' title="bbox 251 2254 1807 4160">
    <p class='ocr_par' dir='ltr' id='par_1_4' title="bbox 251 2254 1807 4160">
     <span class='ocr_line' id='line_1_9' title="bbox 251 2254 1807 2377; baseline 0.002 -25"><span class='ocrx_word' id='word_1_92' title='bbox 251 2295 321 2368; x_wconf 86' lang='lat'>109</span> <span class='ocrx_word' id='word_1_93' title='bbox 347 2254 538 2352; x_wconf 79' lang='lat' dir='ltr'>Ricardus</span> <span class='ocrx_word' id='word_1_94' title='bbox 561 2282 618 2353; x_wconf 88' lang='lat' dir='ltr'>dei</span> <span class='ocrx_word' id='word_1_95' title='bbox 644 2282 764 2377; x_wconf 83' lang='lat' dir='ltr'>gracie</span> <span class='ocrx_word' id='word_1_96' title='bbox 788 2276 937 2353; x_wconf 77' lang='lat' dir='ltr'>ecclesie</span> <span class='ocrx_word' id='word_1_97' title='bbox 955 2272 1225 2352; x_wconf 81' lang='lat' dir='ltr'>Dunkcldensss</span> <span class='ocrx_word' id='word_1_98' title='bbox 1244 2277 1442 2375; x_wconf 81' lang='lat' dir='ltr'>Episcopus</span> <span class='ocrx_word' id='word_1_99' title='bbox 1460 2277 1647 2353; x_wconf 86' lang='lat' dir='ltr'>Univerfis</span> <span class='ocrx_word' id='word_1_100' title='bbox 1671 2284 1807 2357; x_wconf 73' lang='lat' dir='ltr'>Sanste</span> 
     </span>
     <span class='ocr_line' id='line_1_10' title="bbox 346 2385 1806 2493; baseline 0.001 -4"><span class='ocrx_word' id='word_1_101' title='bbox 346 2416 479 2489; x_wconf 88' lang='lat' dir='ltr'>Matris</span> <span class='ocrx_word' id='word_1_102' title='bbox 495 2414 645 2491; x_wconf 82' lang='lat' dir='ltr'>ecclesse</span> <span class='ocrx_word' id='word_1_103' title='bbox 661 2420 745 2491; x_wconf 84' lang='lat' dir='ltr'>siliis</span> <span class='ocrx_word' id='word_1_104' title='bbox 762 2417 928 2491; x_wconf 81' lang='lat' dir='ltr'>Salutem</span> <span class='ocrx_word' id='word_1_105' title='bbox 947 2458 955 2475; x_wconf 91' lang='lat'><strong>·</strong></span> <span class='ocrx_word' id='word_1_106' title='bbox 973 2419 1074 2491; x_wconf 80' lang='lat' dir='ltr'>Sciat</span> <span class='ocrx_word' id='word_1_107' title='bbox 1091 2402 1305 2491; x_wconf 65' lang='lat' dir='ltr'>universitas</span> <span class='ocrx_word' id='word_1_108' title='bbox 1323 2385 1440 2491; x_wconf 81' lang='lat' dir='ltr'>vestra</span> <span class='ocrx_word' id='word_1_109' title='bbox 1464 2442 1530 2491; x_wconf 93' lang='lat' dir='ltr'>nos</span> <span class='ocrx_word' id='word_1_110' title='bbox 1547 2415 1750 2493; x_wconf 77' lang='lat' dir='ltr'>concessisse</span> <span class='ocrx_word' id='word_1_111' title='bbox 1768 2432 1806 2493; x_wconf 91' lang='lat' dir='ltr'>et</span> 
     </span>
     <span class='ocr_line' id='line_1_11' title="bbox 345 2551 1805 2649; baseline 0 -22"><span class='ocrx_word' id='word_1_112' title='bbox 345 2551 502 2649; x_wconf 85' lang='lat' dir='ltr'>presenti</span> <span class='ocrx_word' id='word_1_113' title='bbox 532 2565 633 2629; x_wconf 88' lang='lat' dir='ltr'>carta</span> <span class='ocrx_word' id='word_1_114' title='bbox 662 2553 883 2629; x_wconf 81' lang='lat' dir='ltr'>confirmasse</span> <span class='ocrx_word' id='word_1_115' title='bbox 913 2556 1036 2628; x_wconf 87' lang='lat' dir='ltr'>abbati</span> <span class='ocrx_word' id='word_1_116' title='bbox 1067 2556 1112 2628; x_wconf 90' lang='lat' dir='ltr'>de</span> <span class='ocrx_word' id='word_1_117' title='bbox 1139 2554 1261 2629; x_wconf 80' lang='lat' dir='ltr'>Scene</span> <span class='ocrx_word' id='word_1_118' title='bbox 1285 2567 1325 2627; x_wconf 89' lang='lat' dir='ltr'>et</span> <span class='ocrx_word' id='word_1_119' title='bbox 1351 2558 1536 2629; x_wconf 88' lang='lat' dir='ltr'>canonicis</span> <span class='ocrx_word' id='word_1_120' title='bbox 1565 2558 1700 2629; x_wconf 89' lang='lat' dir='ltr'>ibidem</span> <span class='ocrx_word' id='word_1_121' title='bbox 1725 2559 1805 2630; x_wconf 91' lang='lat' dir='ltr'>Deo</span> 
     </span>
     <span class='ocr_line' id='line_1_12' title="bbox 345 2690 1806 2789; baseline 0.004 -27"><span class='ocrx_word' id='word_1_122' title='bbox 345 2690 582 2767; x_wconf 89' lang='lat' dir='ltr'>servientibus</span> <span class='ocrx_word' id='word_1_123' title='bbox 605 2702 644 2766; x_wconf 90' lang='lat' dir='ltr'>et</span> <span class='ocrx_word' id='word_1_124' title='bbox 667 2690 850 2765; x_wconf 89' lang='lat' dir='ltr'>servituris</span> <span class='ocrx_word' id='word_1_125' title='bbox 872 2696 911 2765; x_wconf 94' lang='lat' dir='ltr'>in</span> <span class='ocrx_word' id='word_1_126' title='bbox 935 2693 1085 2765; x_wconf 83' lang='lat' dir='ltr'>liberam</span> <span class='ocrx_word' id='word_1_127' title='bbox 1108 2716 1235 2787; x_wconf 73' lang='lat' dir='ltr'>puram</span> <span class='ocrx_word' id='word_1_128' title='bbox 1263 2704 1302 2766; x_wconf 91' lang='lat' dir='ltr'>et</span> <span class='ocrx_word' id='word_1_129' title='bbox 1332 2703 1544 2789; x_wconf 86' lang='lat' dir='ltr'>perpetuam</span> <span class='ocrx_word' id='word_1_130' title='bbox 1574 2691 1806 2768; x_wconf 77' lang='lat' dir='ltr'>elemosinam</span> 
     </span>
     <span class='ocr_line' id='line_1_13' title="bbox 344 2826 1805 2927; baseline 0.001 -25"><span class='ocrx_word' id='word_1_131' title='bbox 344 2826 530 2903; x_wconf 85' lang='lat' dir='ltr'>eoclefiam</span> <span class='ocrx_word' id='word_1_132' title='bbox 549 2831 594 2903; x_wconf 92' lang='lat' dir='ltr'>de</span> <span class='ocrx_word' id='word_1_133' title='bbox 608 2831 710 2927; x_wconf 80' lang='lat' dir='ltr'>Logy</span> <span class='ocrx_word' id='word_1_134' title='bbox 723 2832 853 2903; x_wconf 88' lang='lat' dir='ltr'>mehed</span> <span class='ocrx_word' id='word_1_135' title='bbox 870 2834 909 2902; x_wconf 93' lang='lat' dir='ltr'>in</span> <span class='ocrx_word' id='word_1_136' title='bbox 927 2830 1094 2902; x_wconf 90' lang='lat' dir='ltr'>Athollia</span> <span class='ocrx_word' id='word_1_137' title='bbox 1111 2853 1194 2901; x_wconf 90' lang='lat' dir='ltr'>cum</span> <span class='ocrx_word' id='word_1_138' title='bbox 1212 2830 1382 2923; x_wconf 80' lang='lat' dir='ltr'>plenariis</span> <span class='ocrx_word' id='word_1_139' title='bbox 1399 2833 1548 2904; x_wconf 84' lang='lat' dir='ltr'>decimis</span> <span class='ocrx_word' id='word_1_140' title='bbox 1565 2843 1604 2903; x_wconf 86' lang='lat' dir='ltr'>st</span> <span class='ocrx_word' id='word_1_141' title='bbox 1620 2834 1805 2906; x_wconf 86' lang='lat' dir='ltr'>beneficiis</span> 
     </span>
     <span class='ocr_line' id='line_1_14' title="bbox 343 2963 1805 3062; baseline 0.001 -23"><span class='ocrx_word' id='word_1_142' title='bbox 343 2978 381 3039; x_wconf 87' lang='lat' dir='ltr'>et</span> <span class='ocrx_word' id='word_1_143' title='bbox 399 2967 694 3041; x_wconf 73' lang='lat' dir='ltr'>Restitudinibus</span> <span class='ocrx_word' id='word_1_144' title='bbox 712 2970 757 3042; x_wconf 92' lang='lat' dir='ltr'>ad</span> <span class='ocrx_word' id='word_1_145' title='bbox 775 2970 926 3041; x_wconf 90' lang='lat' dir='ltr'>eandem</span> <span class='ocrx_word' id='word_1_146' title='bbox 953 2963 1138 3040; x_wconf 86' lang='lat' dir='ltr'>ecclesiam</span> <span class='ocrx_word' id='word_1_147' title='bbox 1159 2964 1258 3061; x_wconf 91' lang='lat' dir='ltr'>juste</span> <span class='ocrx_word' id='word_1_148' title='bbox 1283 2969 1550 3062; x_wconf 90' lang='lat' dir='ltr'>pertinentibus</span> <span class='ocrx_word' id='word_1_149' title='bbox 1567 2969 1739 3041; x_wconf 88' lang='lat' dir='ltr'>videlicet</span> <span class='ocrx_word' id='word_1_150' title='bbox 1760 2972 1805 3040; x_wconf 91' lang='lat' dir='ltr'>de</span> 
     </span>
     <span class='ocr_line' id='line_1_15' title="bbox 342 3103 1805 3201; baseline 0.001 -25"><span class='ocrx_word' id='word_1_151' title='bbox 342 3105 442 3177; x_wconf 86' lang='lat' dir='ltr'>Roth</span> <span class='ocrx_word' id='word_1_152' title='bbox 460 3130 530 3199; x_wconf 91' lang='lat' dir='ltr'>que</span> <span class='ocrx_word' id='word_1_153' title='bbox 544 3103 597 3178; x_wconf 89' lang='lat' dir='ltr'>est</span> <span class='ocrx_word' id='word_1_154' title='bbox 611 3108 727 3201; x_wconf 86' lang='lat' dir='ltr'>capud</span> <span class='ocrx_word' id='word_1_155' title='bbox 745 3108 940 3178; x_wconf 79' lang='lat' dir='ltr'>comitatus</span> <span class='ocrx_word' id='word_1_156' title='bbox 954 3113 992 3177; x_wconf 93' lang='lat' dir='ltr'>et</span> <span class='ocrx_word' id='word_1_157' title='bbox 1005 3105 1051 3175; x_wconf 92' lang='lat' dir='ltr'>de</span> <span class='ocrx_word' id='word_1_158' title='bbox 1064 3112 1144 3175; x_wconf 91' lang='lat' dir='ltr'>toto</span> <span class='ocrx_word' id='word_1_159' title='bbox 1158 3104 1352 3200; x_wconf 85' lang='lat' dir='ltr'>thaynagio</span> <span class='ocrx_word' id='word_1_160' title='bbox 1366 3106 1412 3176; x_wconf 88' lang='lat' dir='ltr'>de</span> <span class='ocrx_word' id='word_1_161' title='bbox 1426 3104 1656 3200; x_wconf 88' lang='lat' dir='ltr'>Dnlmouych</span> <span class='ocrx_word' id='word_1_162' title='bbox 1672 3145 1680 3160; x_wconf 94' lang='lat'><strong>·</strong></span> <span class='ocrx_word' id='word_1_163' title='bbox 1695 3106 1745 3176; x_wconf 91' lang='lat' dir='ltr'>Et</span> <span class='ocrx_word' id='word_1_164' title='bbox 1759 3109 1805 3177; x_wconf 89' lang='lat' dir='ltr'>de</span> 
     </span>
     <span class='ocr_line' id='line_1_16' title="bbox 342 3236 1802 3338; baseline 0.001 -25"><span class='ocrx_word' id='word_1_165' title='bbox 342 3252 423 3313; x_wconf 90' lang='lat' dir='ltr'>toto</span> <span class='ocrx_word' id='word_1_166' title='bbox 435 3244 629 3338; x_wconf 82' lang='lat' dir='ltr'>thaynagio</span> <span class='ocrx_word' id='word_1_167' title='bbox 643 3243 688 3315; x_wconf 87' lang='lat' dir='ltr'>de</span> <span class='ocrx_word' id='word_1_168' title='bbox 701 3242 953 3315; x_wconf 83' lang='lat' dir='ltr'>ffundiuieuith</span> <span class='ocrx_word' id='word_1_169' title='bbox 965 3249 1097 3313; x_wconf 90' lang='lat' dir='ltr'>etcum</span> <span class='ocrx_word' id='word_1_170' title='bbox 1111 3240 1259 3333; x_wconf 84' lang='lat' dir='ltr'>capellis</span> <span class='ocrx_word' id='word_1_171' title='bbox 1269 3236 1365 3312; x_wconf 85' lang='lat' dir='ltr'>istis·</span> <span class='ocrx_word' id='word_1_172' title='bbox 1380 3241 1531 3336; x_wconf 86' lang='lat' dir='ltr'>kilkeuy</span> <span class='ocrx_word' id='word_1_173' title='bbox 1542 3282 1551 3301; x_wconf 89' lang='lat'><strong>·</strong></span> <span class='ocrx_word' id='word_1_174' title='bbox 1564 3242 1802 3336; x_wconf 86' lang='lat' dir='ltr'>Duliolunty·</span> 
     </span>
     <span class='ocr_line' id='line_1_17' title="bbox 341 3375 1806 3476; baseline 0.002 -26"><span class='ocrx_word' id='word_1_175' title='bbox 341 3376 715 3476; x_wconf 82' lang='lat' dir='ltr'>kelcassy·kylmichel</span> <span class='ocrx_word' id='word_1_176' title='bbox 728 3382 776 3453; x_wconf 91' lang='lat' dir='ltr'>de</span> <span class='ocrx_word' id='word_1_177' title='bbox 785 3380 993 3453; x_wconf 82' lang='lat' dir='ltr'>Tulichmat</span> <span class='ocrx_word' id='word_1_178' title='bbox 1006 3389 1045 3451; x_wconf 90' lang='lat' dir='ltr'>et</span> <span class='ocrx_word' id='word_1_179' title='bbox 1058 3376 1224 3448; x_wconf 93' lang='lat' dir='ltr'>omnibus</span> <span class='ocrx_word' id='word_1_180' title='bbox 1238 3378 1282 3449; x_wconf 88' lang='lat' dir='ltr'>ad</span> <span class='ocrx_word' id='word_1_181' title='bbox 1297 3375 1439 3450; x_wconf 90' lang='lat' dir='ltr'>easdem</span> <span class='ocrx_word' id='word_1_182' title='bbox 1453 3379 1608 3473; x_wconf 83' lang='lat' dir='ltr'>capellas</span> <span class='ocrx_word' id='word_1_183' title='bbox 1621 3384 1806 3476; x_wconf 86' lang='lat' dir='ltr'>pertinen-</span> 
     </span>
     <span class='ocr_line' id='line_1_18' title="bbox 341 3513 1804 3621; baseline 0 -32"><span class='ocrx_word' id='word_1_184' title='bbox 341 3519 439 3589; x_wconf 92' lang='lat' dir='ltr'>tibus</span> <span class='ocrx_word' id='word_1_185' title='bbox 451 3527 492 3590; x_wconf 89' lang='lat' dir='ltr'>et</span> <span class='ocrx_word' id='word_1_186' title='bbox 503 3518 637 3590; x_wconf 86' lang='lat' dir='ltr'>tostum</span> <span class='ocrx_word' id='word_1_187' title='bbox 651 3540 765 3589; x_wconf 90' lang='lat' dir='ltr'>unum</span> <span class='ocrx_word' id='word_1_188' title='bbox 778 3520 817 3589; x_wconf 93' lang='lat' dir='ltr'>in</span> <span class='ocrx_word' id='word_1_189' title='bbox 829 3519 971 3611; x_wconf 87' lang='lat' dir='ltr'>prefata</span> <span class='ocrx_word' id='word_1_190' title='bbox 983 3517 1085 3613; x_wconf 81' lang='lat' dir='ltr'>Logy</span> <span class='ocrx_word' id='word_1_191' title='bbox 1097 3537 1180 3621; x_wconf 86' lang='lat' dir='ltr'>oum</span> <span class='ocrx_word' id='word_1_192' title='bbox 1195 3518 1379 3587; x_wconf 88' lang='lat' dir='ltr'>communi</span> <span class='ocrx_word' id='word_1_193' title='bbox 1392 3513 1537 3610; x_wconf 87' lang='lat' dir='ltr'>pastura</span> <span class='ocrx_word' id='word_1_194' title='bbox 1548 3513 1641 3589; x_wconf 89' lang='lat' dir='ltr'>sicut</span> <span class='ocrx_word' id='word_1_195' title='bbox 1654 3521 1692 3589; x_wconf 93' lang='lat' dir='ltr'>in</span> <span class='ocrx_word' id='word_1_196' title='bbox 1706 3530 1804 3591; x_wconf 88' lang='lat' dir='ltr'>carta</span> 
     </span>
     <span class='ocr_line' id='line_1_19' title="bbox 341 3650 1800 3748; baseline -0.001 -21"><span class='ocrx_word' id='word_1_197' title='bbox 341 3657 484 3727; x_wconf 87' lang='lat' dir='ltr'>comitis</span> <span class='ocrx_word' id='word_1_198' title='bbox 500 3655 637 3727; x_wconf 88' lang='lat' dir='ltr'>henrici</span> <span class='ocrx_word' id='word_1_199' title='bbox 655 3654 787 3727; x_wconf 86' lang='lat' dir='ltr'>deinde</span> <span class='ocrx_word' id='word_1_200' title='bbox 804 3654 897 3726; x_wconf 76' lang='lat' dir='ltr'>fasta</span> <span class='ocrx_word' id='word_1_201' title='bbox 914 3656 1123 3726; x_wconf 85' lang='lat' dir='ltr'>continetur</span> <span class='ocrx_word' id='word_1_202' title='bbox 1143 3652 1321 3746; x_wconf 83' lang='lat' dir='ltr'>prefatam</span> <span class='ocrx_word' id='word_1_203' title='bbox 1343 3650 1489 3748; x_wconf 88' lang='lat' dir='ltr'>insuper</span> <span class='ocrx_word' id='word_1_204' title='bbox 1508 3651 1696 3727; x_wconf 76' lang='lat' dir='ltr'>ecclesiam</span> <span class='ocrx_word' id='word_1_205' title='bbox 1718 3680 1800 3727; x_wconf 90' lang='lat' dir='ltr'>cum</span> 
     </span>
     <span class='ocr_line' id='line_1_20' title="bbox 341 3788 1802 3886; baseline 0.001 -23"><span class='ocrx_word' id='word_1_206' title='bbox 341 3793 507 3864; x_wconf 88' lang='lat' dir='ltr'>omnibus</span> <span class='ocrx_word' id='word_1_207' title='bbox 525 3792 819 3865; x_wconf 68' lang='lat' dir='ltr'>Restitudinibus</span> <span class='ocrx_word' id='word_1_208' title='bbox 841 3801 880 3864; x_wconf 90' lang='lat' dir='ltr'>et</span> <span class='ocrx_word' id='word_1_209' title='bbox 901 3792 1134 3885; x_wconf 87' lang='lat' dir='ltr'>pertinenciis</span> <span class='ocrx_word' id='word_1_210' title='bbox 1149 3788 1222 3862; x_wconf 84' lang='lat' dir='ltr'>suis</span> <span class='ocrx_word' id='word_1_211' title='bbox 1246 3799 1285 3863; x_wconf 89' lang='lat' dir='ltr'>et</span> <span class='ocrx_word' id='word_1_212' title='bbox 1307 3792 1455 3885; x_wconf 86' lang='lat' dir='ltr'>capellis</span> <span class='ocrx_word' id='word_1_213' title='bbox 1480 3795 1740 3886; x_wconf 86' lang='lat' dir='ltr'>prenominatis</span> <span class='ocrx_word' id='word_1_214' title='bbox 1765 3805 1802 3864; x_wconf 88' lang='lat' dir='ltr'>et</span> 
     </span>
     <span class='ocr_line' id='line_1_21' title="bbox 340 3927 1803 4023; baseline 0 -22"><span class='ocrx_word' id='word_1_215' title='bbox 340 3952 464 4001; x_wconf 88' lang='lat' dir='ltr'>earum</span> <span class='ocrx_word' id='word_1_216' title='bbox 493 3930 727 4023; x_wconf 88' lang='lat' dir='ltr'>pertinenciis</span> <span class='ocrx_word' id='word_1_217' title='bbox 751 3929 892 4023; x_wconf 86' lang='lat' dir='ltr'>prefato</span> <span class='ocrx_word' id='word_1_218' title='bbox 925 3929 1047 4001; x_wconf 90' lang='lat' dir='ltr'>abbati</span> <span class='ocrx_word' id='word_1_219' title='bbox 1075 3938 1114 3999; x_wconf 90' lang='lat' dir='ltr'>et</span> <span class='ocrx_word' id='word_1_220' title='bbox 1141 3930 1323 4000; x_wconf 83' lang='lat' dir='ltr'>canonicis</span> <span class='ocrx_word' id='word_1_221' title='bbox 1352 3932 1390 4001; x_wconf 91' lang='lat' dir='ltr'>in</span> <span class='ocrx_word' id='word_1_222' title='bbox 1420 3932 1581 4023; x_wconf 88' lang='lat' dir='ltr'>proprios</span> <span class='ocrx_word' id='word_1_223' title='bbox 1611 3927 1695 4001; x_wconf 90' lang='lat' dir='ltr'>usus</span> <span class='ocrx_word' id='word_1_224' title='bbox 1723 3927 1803 4001; x_wconf 90' lang='lat' dir='ltr'>snos</span> 
     </span>
     <span class='ocr_line' id='line_1_22' title="bbox 337 4062 1801 4160; baseline -0.001 -21"><span class='ocrx_word' id='word_1_225' title='bbox 337 4068 570 4139; x_wconf 87' lang='lat' dir='ltr'>concedimus</span> <span class='ocrx_word' id='word_1_226' title='bbox 600 4077 638 4139; x_wconf 88' lang='lat' dir='ltr'>et</span> <span class='ocrx_word' id='word_1_227' title='bbox 665 4066 919 4140; x_wconf 83' lang='lat' dir='ltr'>confirmamus</span> <span class='ocrx_word' id='word_1_228' title='bbox 948 4062 1065 4137; x_wconf 89' lang='lat' dir='ltr'>Salvis</span> <span class='ocrx_word' id='word_1_229' title='bbox 1094 4088 1159 4159; x_wconf 86' lang='lat' dir='ltr'>per</span> <span class='ocrx_word' id='word_1_230' title='bbox 1185 4067 1309 4137; x_wconf 85' lang='lat' dir='ltr'>omnia</span> <span class='ocrx_word' id='word_1_231' title='bbox 1342 4062 1613 4160; x_wconf 87' lang='lat' dir='ltr'>Episcopalibus</span> <span class='ocrx_word' id='word_1_232' title='bbox 1643 4062 1801 4137; x_wconf 87' lang='lat' dir='ltr'>nostris·</span> 
     </span>
    </p>
   </div>
   <div class='ocr_carea' id='block_1_5' title="bbox 339 4200 505 4275">
    <p class='ocr_par' dir='ltr' id='par_1_5' title="bbox 339 4200 505 4275">
     <span class='ocr_line' id='line_1_23' title="bbox 339 4200 505 4275; baseline 0 -2"><span class='ocrx_word' id='word_1_233' title='bbox 339 4200 505 4275; x_wconf 72' lang='lat' dir='ltr'>Tostibus&#39;</span> 
     </span>
    </p>
   </div>
   <div class='ocr_carea' id='block_1_6' title="bbox 341 4474 1411 4572">
    <p class='ocr_par' dir='ltr' id='par_1_6' title="bbox 341 4474 1411 4572">
     <span class='ocr_line' id='line_1_24' title="bbox 341 4474 1411 4572; baseline -0.001 -22"><span class='ocrx_word' id='word_1_234' title='bbox 341 4480 451 4553; x_wconf 82' lang='lat' dir='ltr'>Carta</span> <span class='ocrx_word' id='word_1_235' title='bbox 467 4480 749 4552; x_wconf 85' lang='lat' dir='ltr'>confirmationis</span> <span class='ocrx_word' id='word_1_236' title='bbox 767 4477 913 4550; x_wconf 85' lang='lat' dir='ltr'>Ricardi</span> <span class='ocrx_word' id='word_1_237' title='bbox 932 4476 1098 4572; x_wconf 86' lang='lat' dir='ltr'>Episcopi</span> <span class='ocrx_word' id='word_1_238' title='bbox 1117 4474 1386 4549; x_wconf 83' lang='lat' dir='ltr'>Dunkeldensis</span> <span class='ocrx_word' id='word_1_239' title='bbox 1404 4518 1411 4534; x_wconf 95' lang='lat'><strong>·</strong></span> 
     </span>
    </p>
   </div>
   <div class='ocr_carea' id='block_1_7' title="bbox 248 4732 1798 4983">
    <p class='ocr_par' dir='ltr' id='par_1_7' title="bbox 248 4732 1798 4983">
     <span class='ocr_line' id='line_1_25' title="bbox 248 4732 1798 4845; baseline -0.006 -15"><span class='ocrx_word' id='word_1_240' title='bbox 248 4767 317 4834; x_wconf 90' lang='grc'>110</span> <span class='ocrx_word' id='word_1_241' title='bbox 343 4732 544 4830; x_wconf 87' lang='lat' dir='ltr'>Universis</span> <span class='ocrx_word' id='word_1_242' title='bbox 555 4749 680 4825; x_wconf 74' lang='lat' dir='ltr'>&#39;unce</span> <span class='ocrx_word' id='word_1_243' title='bbox 697 4754 823 4824; x_wconf 88' lang='lat' dir='ltr'>matris</span> <span class='ocrx_word' id='word_1_244' title='bbox 840 4746 999 4823; x_wconf 86' lang='lat' dir='ltr'>Ecclefio</span> <span class='ocrx_word' id='word_1_245' title='bbox 1017 4752 1100 4823; x_wconf 89' lang='lat' dir='ltr'>siliis</span> <span class='ocrx_word' id='word_1_246' title='bbox 1125 4750 1271 4845; x_wconf 88' lang='lat' dir='ltr'>presens</span> <span class='ocrx_word' id='word_1_247' title='bbox 1289 4750 1460 4845; x_wconf 86' lang='lat' dir='ltr'>scriptum</span> <span class='ocrx_word' id='word_1_248' title='bbox 1477 4749 1604 4823; x_wconf 84' lang='lat' dir='ltr'>visuris</span> <span class='ocrx_word' id='word_1_249' title='bbox 1622 4752 1681 4822; x_wconf 87' lang='lat' dir='ltr'>vel</span> <span class='ocrx_word' id='word_1_250' title='bbox 1698 4752 1798 4823; x_wconf 90' lang='lat' dir='ltr'>audi-</span> 
     </span>
     <span class='ocr_line' id='line_1_26' title="bbox 338 4884 1798 4983; baseline -0.003 -19"><span class='ocrx_word' id='word_1_251' title='bbox 338 4894 430 4964; x_wconf 85' lang='lat' dir='ltr'>turis</span> <span class='ocrx_word' id='word_1_252' title='bbox 449 4932 456 4949; x_wconf 92' lang='lat'><strong>·</strong></span> <span class='ocrx_word' id='word_1_253' title='bbox 477 4888 652 4962; x_wconf 82' lang='lat' dir='ltr'>Ricardus</span> <span class='ocrx_word' id='word_1_254' title='bbox 668 4884 896 4983; x_wconf 86' lang='lat' dir='ltr'>permissione</span> <span class='ocrx_word' id='word_1_255' title='bbox 922 4889 1044 4960; x_wconf 85' lang='lat' dir='ltr'>divina</span> <span class='ocrx_word' id='word_1_256' title='bbox 1069 4884 1338 4962; x_wconf 88' lang='lat' dir='ltr'>Dnnkeldensis</span> <span class='ocrx_word' id='word_1_257' title='bbox 1356 4886 1553 4983; x_wconf 88' lang='lat' dir='ltr'>Episcopus</span> <span class='ocrx_word' id='word_1_258' title='bbox 1571 4900 1734 4960; x_wconf 89' lang='lat' dir='ltr'>eternam</span> <span class='ocrx_word' id='word_1_259' title='bbox 1759 4890 1798 4959; x_wconf 93' lang='lat' dir='ltr'>in</span> 
     </span>
    </p>
   </div>
   <div class='ocr_carea' id='block_1_8' title="bbox 340 5021 1798 5221">
    <p class='ocr_par' dir='ltr' id='par_1_8' title="bbox 340 5021 1798 5221">
     <span class='ocr_line' id='line_1_27' title="bbox 340 5021 1798 5121; baseline -0.003 -20"><span class='ocrx_word' id='word_1_260' title='bbox 340 5032 485 5103; x_wconf 91' lang='lat' dir='ltr'>domino</span> <span class='ocrx_word' id='word_1_261' title='bbox 512 5024 664 5100; x_wconf 87' lang='lat' dir='ltr'>salutem</span> <span class='ocrx_word' id='word_1_262' title='bbox 683 5064 691 5083; x_wconf 90' lang='lat'><strong>·</strong></span> <span class='ocrx_word' id='word_1_263' title='bbox 710 5024 864 5099; x_wconf 84' lang='lat' dir='ltr'>Noverit</span> <span class='ocrx_word' id='word_1_264' title='bbox 894 5021 1105 5098; x_wconf 82' lang='lat' dir='ltr'>universitas</span> <span class='ocrx_word' id='word_1_265' title='bbox 1133 5023 1251 5098; x_wconf 89' lang='lat' dir='ltr'>vestra</span> <span class='ocrx_word' id='word_1_266' title='bbox 1277 5048 1343 5098; x_wconf 87' lang='lat' dir='ltr'>nos</span> <span class='ocrx_word' id='word_1_267' title='bbox 1370 5028 1414 5098; x_wconf 87' lang='lat' dir='ltr'>ad</span> <span class='ocrx_word' id='word_1_268' title='bbox 1441 5025 1592 5121; x_wconf 90' lang='lat' dir='ltr'>plenum</span> <span class='ocrx_word' id='word_1_269' title='bbox 1609 5021 1798 5119; x_wconf 77' lang='lat' dir='ltr'>inspexisse</span> 
     </span>
     <span class='ocr_line' id='line_1_28' title="bbox 1053 5170 1080 5221; baseline 0 0"><span class='ocrx_word' id='word_1_270' title='bbox 1053 5170 1080 5221; x_wconf 78' lang='lat' dir='ltr'>n</span> 
     </span>
    </p>
   </div>
   <div class='ocr_carea' id='block_1_9' title="bbox 0 0 2464 6508">
    <p class='ocr_par' dir='ltr' id='par_1_9' title="bbox 0 0 2464 6508">
     <span class='ocr_line' id='line_1_29' title="bbox 0 0 2464 6508; baseline 0 0"><span class='ocrx_word' id='word_1_271' title='bbox 0 0 2464 6508; x_wconf 95' lang='lat' dir='ltr'> </span> 
     </span>
    </p>
   </div>
  </div>
 </body>
</html>
