4917 6509
605 796 674 861 110
1111 784 1268 858 LIBER
1293 784 1540 858 nccosslu
1866 806 2045 859 snc.x1v.

602 993 697 1056 terre
722 983 783 1055 sue
808 983 946 1056 clericis
970 990 1007 1053 et
1033 981 1132 1057 laicis
1150 980 1302 1053 sulutem
1343 978 1475 1053 Sciatis
1498 1002 1664 1053 nuscum
1682 980 1849 1076 diligenti
1872 982 2046 1055 delibera-

602 1092 701 1191 tione
718 1114 904 1212 inspexisse
918 1128 1053 1190 cartam
1071 1118 1206 1191 domini
1218 1117 1331 1210 patris
1346 1112 1458 1187 nostri
1473 1116 1603 1189 factam
1619 1113 1790 1212 religiosis
1806 1119 1892 1191 viris
1907 1117 2047 1190 Abbati

602 1265 640 1325 et
665 1256 859 1327 conventui
879 1250 1083 1345 monosterij
1109 1255 1156 1325 de
1182 1252 1301 1324 Scona
1323 1274 1398 1323 non
1423 1251 1596 1325 abolitam
1619 1275 1694 1323 non
1718 1252 1954 1325 cancellatum
1978 1275 2046 1323 nec

602 1394 640 1461 in
671 1391 789 1483 aliquo
813 1390 865 1461 sui
891 1400 992 1483 parto
1022 1390 1189 1462 viciatam
1215 1390 1255 1461 in
1283 1389 1351 1461 bec
1376 1388 1485 1461 verbo
1533 1386 1715 1461 Robertus
1744 1388 1804 1461 dei
1826 1389 1943 1483 grstia
1966 1387 2048 1461 Rex

604 1526 812 1599 Scottorum
824 1523 1020 1619 justitiario
1034 1548 1081 1597 ex
1093 1534 1196 1619 parto
1212 1523 1348 1597 boreali
1364 1546 1457 1616 aque
1469 1524 1516 1595 de
1529 1522 1641 1595 Forth
1657 1548 1699 1597 oc
1716 1525 1988 1598 vicecomitibus
2003 1524 2050 1596 de

607 1663 719 1734 Pertli
740 1671 778 1735 et
796 1665 840 1735 de
858 1663 983 1735 Forfur
999 1671 1038 1735 et
1056 1684 1180 1735 eorum
1197 1661 1339 1733 ballivis
1355 1661 1416 1751 qui
1441 1683 1507 1753 pro
1523 1668 1686 1754 temporo
1701 1661 1837 1733 fuerint
1853 1682 1996 1733 necnon
2012 1668 2051 1732 et

607 1799 735 1869 ceteris
752 1798 870 1891 probis
886 1798 1089 1869 homiuibus
1102 1798 1215 1868 totius
1227 1804 1324 1868 terre
1335 1794 1398 1867 sue
1410 1792 1564 1867 salutem
1580 1795 1712 1869 Sciatis
1727 1818 1794 1867 nos
1808 1792 1996 1889 inspexisse
2008 1819 2050 1867 ac

607 1938 782 2007 veraciter
793 1930 1008 2006 intellexisse
1021 1941 1136 2005 cortus
1149 1929 1394 2027 religiosorum
1406 1933 1563 2003 virorum
1576 1929 1733 2003 Abbatis
1745 1940 1994 2003 etconventus
2006 1933 2051 2002 de

609 2070 728 2143 Scoua
743 2067 848 2163 super
864 2069 1029 2140 omuibus
1046 2069 1150 2139 torris
1163 2068 1382 2140 tenementis
1394 2076 1434 2139 ct
1450 2063 1715 2161 possessionibus
1731 2067 1865 2139 eisdem
1882 2062 2052 2140 concessis

608 2228 673 2297 per
689 2201 947 2299 predecessores
970 2200 1108 2275 nostros
1133 2204 1254 2299 Reges
1277 2201 1389 2275 scotie
1413 2224 1478 2296 per
1501 2224 1589 2294 quus
1613 2205 1842 2297 concepimus
1867 2205 2053 2276 evidenter

609 2340 704 2439 quod
721 2338 785 2435 ipfi
811 2338 963 2436 religiosi
989 2362 1113 2413 omnes
1136 2348 1251 2413 terras
1275 2346 1487 2411 tenemento
1508 2346 1547 2410 ct
1571 2334 1795 2431 possessiones
1817 2340 1993 2432 preditbos
2009 2338 2056 2410 de

609 2480 687 2548 iure
704 2487 827 2549 tenore
845 2477 1000 2549 debeant
1017 2477 1106 2549 odeo
1125 2476 1236 2548 libero
1249 2484 1287 2547 et
1300 2476 1424 2567 quiete
1441 2474 1601 2568 plenarie
1613 2484 1652 2546 et
1663 2475 1858 2547 honorilice
1873 2476 1913 2545 in
1929 2496 2056 2568 purum

611 2613 760 2685 liberam
773 2622 812 2685 et
828 2622 1039 2706 perpetuam
1052 2608 1282 2685 elemosinam
1302 2607 1394 2683 ficut
1410 2605 1559 2681 ecclesio
1569 2609 1690 2702 aliqua
1706 2611 1808 2705 regni
1820 2606 1931 2681 nostri
1943 2618 2058 2681 terras

584 2756 588 2765 '
610 2747 690 2821 suas
703 2758 913 2821 tenemento
926 2756 964 2820 et
976 2744 1198 2842 possessiones
1211 2746 1359 2819 liberius
1371 2747 1584 2838 quieciusac
1595 2746 1892 2818 honorilicencius
1907 2742 2059 2839 possidet

612 2882 685 2957 sivo
702 2894 806 2958 tenet
820 2884 899 2957 Nos
912 2908 997 2957 iero
1014 2886 1128 2957 dittos
1144 2880 1326 2979 religiosos
1343 2891 1382 2955 et
1399 2904 1523 2954 eorum
1540 2878 1794 2954 monasterium
1810 2882 2004 2953 defendere
2019 2892 2058 2952 et

546 3130 551 3135 Ι
613 3024 734 3094 fovere
755 3022 912 3095 corditer
934 3020 1140 3095 affottantes
1163 3044 1228 3113 pro
1252 3042 1296 3092 eo
1323 3018 1418 3111 quod
1444 3039 1546 3113 reges
1569 3016 1688 3112 Regni
1713 3018 1848 3089 ibidem
1865 3018 2059 3111 dignitates

589 3150 604 3179 '
613 3148 693 3230 suos
705 3160 884 3253 recipiunt
894 3166 932 3230 et
946 3160 1098 3230 honores
1109 3156 1348 3229 Concedimus
1359 3154 1578 3227 ratificamus
1592 3163 1631 3226 et
1643 3153 1894 3227 confirmamus
1904 3176 1970 3247 per
1981 3174 2060 3247 pre-

617 3292 735 3365 sentes
746 3292 878 3367 eisdem
890 3291 1061 3389 religiosis
1075 3302 1113 3366 et
1126 3316 1251 3366 corum
1263 3288 1515 3364 successoribus
1527 3291 1566 3361 in
1579 3289 1729 3363 liberam
1745 3312 1871 3384 puram
1883 3297 1923 3363 et
1934 3312 2060 3383 perpe-

615 3440 717 3501 tuam
728 3426 956 3501 elemosinam
970 3451 1094 3501 omnes
1106 3437 1218 3499 terras
1227 3434 1439 3499 tenemento
1447 3434 1486 3496 ot
1498 3420 1722 3518 possessiones
1731 3426 1907 3519 prodittos
1920 3448 2060 3499 necnon

617 3571 656 3633 et
681 3586 806 3635 omnes
834 3572 946 3635 terras
976 3572 1188 3635 tenemento
1210 3572 1249 3633 et
1273 3554 1497 3653 possessiones
1521 3581 1610 3653 quas
1634 3560 1770 3637 habent
1794 3583 1842 3632 ex
1868 3562 2062 3633 donatione

617 3694 735 3770 nostra
760 3700 798 3768 in
822 3706 1038 3793 perpetuum
1089 3695 1209 3780 Quare
1234 3695 1386 3767 firmiter
1407 3696 1638 3789 prohibemus
1662 3718 1710 3767 ne
1737 3698 1819 3789 quis
1839 3696 1955 3768 uicos
1980 3697 2063 3769 reli·

617 3830 732 3927 giosos
760 3841 825 3905 out
853 3834 1017 3905 homiues
1046 3832 1127 3905 siros
1156 3832 1267 3903 dictas
1295 3838 1409 3903 terras
1436 3829 1498 3903 seu
1520 3840 1731 3903 tenemento
1755 3831 1999 3904 inhabitantes
2023 3833 2061 3903 in

621 3968 800 4062 aliquibus
816 3966 919 4041 settis
936 3966 1037 4063 prisis
1050 3968 1277 4062 captionibus
1288 3968 1450 4061 cariogfis
1462 3964 1525 4038 seu
1537 3964 1617 4038 aliis
1628 3963 1785 4039 serviciis
1795 3963 2063 4059 quibuscunque

619 4126 684 4176 nos
710 4104 1005 4201 contingentibus
1032 4104 1264 4176 contrahens
1289 4097 1548 4175 concessionem
1569 4098 1725 4173 nostram
1748 4124 1879 4175 vexare
1900 4100 1964 4174 seu
1984 4126 2064 4198 grs-

620 4262 703 4311 vore
719 4239 899 4333 presumat
949 4239 995 4312 In
1020 4240 1121 4334 cujus
1145 4241 1198 4313 rei
1214 4236 1459 4311 testimonium
1483 4234 1707 4331 presentibus
1724 4233 1879 4333 sigillum
1902 4235 2062 4311 nostruin

620 4376 843 4469 precepimus
864 4378 995 4469 apponi
1055 4375 1192 4449 Datum
1212 4373 1324 4468 Apud
1348 4372 1503 4445 Sconam
1525 4374 1631 4445 xxix⁰
1650 4374 1708 4445 die
1733 4372 1945 4447 Decembris
1968 4396 2063 4447 anno

620 4512 720 4605 regui
750 4506 860 4581 nostri
889 4508 1191 4583 vicesimotertio
1246 4509 1510 4602 Quamquidem
1544 4507 1690 4581 Cortum
1722 4509 2001 4583 confirmationis
2025 4513 2064 4581 in

622 4646 788 4717 omnibus
817 4648 957 4739 punctis
990 4646 1149 4719 articulis
1183 4643 1448 4718 conditionibus
1481 4652 1520 4715 et
1549 4640 1824 4717 circumstantiis
1852 4644 1923 4717 suis
1951 4646 2065 4717 fornia

621 4782 756 4875 pariter
772 4790 810 4853 et
827 4780 955 4853 effedtu
973 4780 1052 4853 Nos
1070 4783 1190 4853 divine
1207 4782 1367 4855 caritatis
1389 4780 1527 4851 intuitu
1543 4788 1582 4850 et
1598 4802 1663 4872 pro
1678 4778 1794 4853 salute
1810 4782 1929 4853 anime
1946 4778 2064 4852 nostre

623 4923 660 4985 et
677 4934 741 5033 pro
756 4910 871 4985 salute
889 4915 1087 4987 animarum
1104 4916 1264 4986 omnium
1282 4910 1539 4988 antecessorum
1556 4924 1596 4987 ct
1615 4912 1849 4991 successorum
1864 4912 2065 4989 nostrorum
