4917 6509
540 826 541 829 ¹
661 803 705 874 72
1176 788 1345 884 LIBER,
1360 786 1608 860 ECCLESIE
1936 808 2119 860 sacrun.

660 1130 770 1200 Carta
787 1126 986 1198 Alexandri
1007 1126 1117 1221 Regis
1135 1126 1179 1196 de
1197 1121 1346 1218 piscaria
1362 1125 1468 1195 unius
1485 1125 1573 1195 retis
1589 1121 1695 1217 super
1711 1146 1841 1217 aquam
1861 1125 1907 1197 de
1923 1125 2009 1219 Tay.

567 1402 636 1471 107
662 1380 886 1477 Alexander
903 1400 974 1473 Dei
991 1402 1108 1496 gratia
1125 1400 1208 1471 Rex
1227 1398 1439 1471 Scottorum
1456 1400 1624 1470 omnibus
1641 1400 1761 1493 probis
1786 1400 1992 1473 hominibus
2009 1405 2122 1474 totius

662 1554 758 1615 terre
776 1538 837 1611 sue
856 1538 1007 1612 salutem
1059 1538 1191 1611 Sciatis
1208 1560 1275 1609 nos
1298 1538 1345 1609 ad
1367 1538 1540 1608 honorem
1560 1536 1631 1609 Dei
1648 1546 1688 1608 et
1705 1538 1812 1610 beate
1830 1540 1978 1635 virginis
1998 1542 2123 1612 matris

664 1684 741 1752 eius
754 1678 860 1751 Beati
875 1676 1068 1749 Michaelis
1081 1686 1120 1747 et
1133 1678 1296 1746 omniurn
1308 1671 1510 1747 feudorum
1528 1683 1567 1745 et
1583 1696 1647 1767 pro
1662 1671 1778 1746 salute
1791 1676 1912 1747 anime
1928 1698 2010 1748 mee
2023 1675 2125 1748 Mer-

663 1828 787 1913 garete
805 1816 965 1887 cohortis
986 1838 1067 1885 mee
1089 1813 1286 1907 predileoe
1310 1811 1506 1883 liberorum
1533 1807 1817 1905 predecessorum
1834 1822 1873 1883 et
1890 1809 2125 1885 suceessorum

664 1916 973 2053 rneorurffdedisle
987 1945 1189 2023 concessisse
1203 1961 1242 2021 et
1255 1950 1322 2021 hac
1334 1945 1491 2043 presenti
1505 1959 1605 2020 carta
1618 1972 1699 2021 mea
1711 1946 1931 2021 confirmasse
1948 1952 2125 2044 inpurum

665 2102 703 2164 et
720 2099 932 2184 perpetuam
959 2083 1190 2160 elemosinam
1216 2082 1390 2182 religiosis
1408 2087 1492 2156 viris
1517 2086 1639 2157 abbati
1666 2096 1705 2157 et
1731 2090 1927 2159 conventui
1945 2089 1991 2160 de
2008 2087 2127 2159 Scona

667 2228 746 2299 Deo
773 2224 1012 2297 servientibus
1038 2235 1076 2297 et
1103 2222 1287 2297 servituris
1313 2227 1350 2294 in
1378 2232 1593 2317 perpetuum
1620 2219 1806 2317 piscariam
1832 2228 1941 2297 unius
1970 2228 2059 2297 retis
2088 2229 2127 2297 in

667 2364 817 2459 piscaria
842 2388 913 2457 que
940 2371 1090 2434 vocatur
1115 2385 1228 2457 gerny
1246 2358 1352 2456 super
1369 2384 1505 2453 aquam
1531 2361 1577 2430 de
1600 2359 1676 2454 Tay
1699 2386 1769 2453 que
1794 2372 1873 2433 rete
1898 2365 1993 2459 regis
2019 2376 2128 2437 antea

667 2504 863 2575 vocabatur
890 2525 974 2572 cum
1001 2502 1066 2572 tali
1094 2502 1224 2572 itinere
1252 2500 1298 2571 ad
1324 2499 1477 2571 eandem
1501 2494 1688 2590 piscariam
1717 2510 1755 2570 et
1781 2500 1901 2571 reditu
1927 2502 1973 2573 ab
2000 2503 2127 2575 eadem

668 2640 774 2733 quale
791 2639 1054 2711 rationabiliter
1071 2647 1156 2710 ante
1172 2639 1307 2709 habere
1320 2632 1582 2709 consueverunt
1617 2634 1778 2707 Tenend.
1797 2646 1834 2709 et
1851 2638 2006 2751 haband.
2024 2642 2128 2713 distis

669 2778 790 2849 abbati
812 2785 850 2849 et
868 2778 1062 2847 conventui
1082 2777 1117 2845 in
1136 2784 1353 2869 perpetuum
1377 2771 1467 2845 adeo
1490 2770 1603 2841 libere
1630 2773 1752 2863 quiete
1769 2783 1807 2844 et
1825 2774 2020 2849 honorilice
2037 2773 2128 2850 ficut

669 2916 738 2987 alie
756 2910 950 2987 elemosine
967 2936 1048 2984 mee
1066 2914 1111 2983 de
1128 2934 1188 2982 me
1208 2911 1321 2982 libere
1340 2920 1378 2982 et
1395 2910 1518 3002 quiete
1543 2904 1636 2978 iuste
1662 2916 1836 2981 tenentur
1852 2920 1891 2981 et
1908 2909 2129 3005 possidentur

538 3074 548 3089 ·
669 3050 835 3124 'festibus

653 3308 656 3315 ¹
671 3330 910 3401 confirmacio
928 3328 1129 3402 Alexandri
1144 3329 1256 3423 Regis
1269 3329 1477 3400 donacionis
1490 3350 1598 3419 quarn
1613 3327 1776 3422 Rogerus
1791 3330 1836 3400 de
1854 3330 2006 3425 Quency
2024 3332 2124 3403 Corn.

673 3466 841 3561 Wynton
860 3468 946 3539 fecit
962 3466 985 3537 J
988 3466 1121 3537 ohanni
1140 3465 1349 3558 Sparetunt.

580 3758 649 3825 108
675 3720 788 3815 Alea
815 3741 885 3812 Dei
916 3748 981 3835 gia
1007 3738 1089 3811 Rex
1115 3737 1221 3811 Soots
1249 3780 1257 3797 ·
1289 3739 1444 3831 Omnib3
1472 3740 1593 3832 probis
1623 3738 1804 3831 hominib3
1830 3743 1946 3812 tocius
1976 3714 2040 3814 pre
2069 3743 2131 3817 sue

675 3878 792 3954 Salsm
813 3920 820 3936 ·
840 3877 972 3949 Sciatis
990 3900 1054 3949 nos
1073 3870 1273 3948 conceslrsse
1292 3918 1300 3933 ·
1318 3890 1343 3947 t
1359 3874 1426 3947 h‘c
1443 3858 1561 3971 fisenti
1588 3887 1687 3947 carta
1703 3877 1769 3947 nia
1785 3875 2006 3952 confirmasse
2023 3883 2132 3955 dona-

675 4021 808 4091 eonem
826 4015 926 4089 illam
940 4013 1020 4108 q‘m
1039 3995 1168 4112 Roffus
1186 4015 1232 4084 de
1245 4013 1362 4108 Q⁸noy
1376 4011 1469 4084 Cor‘ii
1483 4010 1651 4104 Wyntori
1668 4009 1817 4085 constali
1835 4013 1923 4086 Scol
1940 4017 2027 4089 fecit
2045 4019 2069 4090 J
2071 4018 2132 4090 olli

676 4154 875 4249 Sparetunt
900 4148 1069 4247 burgensi
1092 4152 1157 4221 uio
1175 4152 1220 4222 de
1239 4147 1312 4221 Pth
1338 4174 1403 4245 pro
1425 4151 1593 4243 homagio
1610 4162 1635 4219 t
1652 4123 1769 4222 lvicio
1793 4148 1855 4221 suo
1873 4194 1881 4209 ·
1901 4154 1947 4224 de
1964 4157 2133 4251 viginti}

676 4300 830 4385 quatuor
847 4287 968 4361 solidis
987 4326 1354 4346 ··············
1382 4290 1420 4358 in
1438 4285 1525 4357 villa
1546 4287 1591 4358 de
1610 4287 1748 4359 Parth·
1766 4290 1915 4383 videlic3
1933 4295 1969 4362 in
1988 4295 2133 4387 capitali

677 4422 871 4521 messuagio
888 4428 927 4496 in
945 4462 1196 4483 ··········
1224 4424 1336 4495 Perth
1355 4425 1400 4495 de
1418 4425 1543 4494 decem
1562 4421 1653 4495 solid
1670 4438 1695 4493 t
1713 4465 2130 4488 ················

677 4578 702 4635 t
720 4568 901 4635 conuent9
918 4562 964 4633 de
982 4560 1078 4633 Scori
1096 4570 1225 4633 tenent
1243 4599 1740 4618 ···················
1759 4564 1835 4633 foro
1853 4534 1938 4635 sssns
1955 4568 2132 4639 orientem

679 4671 741 4773 inl)
758 4698 873 4772 ecclia
890 4736 1256 4756 ··············
1282 4722 1329 4793 go
1347 4706 1450 4769 tenet
1466 4721 1492 4789 p
1510 4707 1645 4769 cartam
1664 4737 1807 4755 ······
1829 4741 1832 4749 ι
1852 4739 2022 4759 ·······
2049 4704 2132 4777 odiu

681 4836 794 4909 densi
813 4877 821 4893 ·
838 4849 863 4906 t
882 4838 918 4906 in
936 4805 1000 4907 pra
1017 4859 1087 4927 que
1107 4837 1209 4929 jacet
1232 4859 1350 4907 coram
1370 4835 1517 4928 capitali
1544 4832 1739 4931 messuagio
1755 4874 1899 4895 ······
1928 4839 2031 4911 bulai
2051 4808 2134 4913 ssus

682 4971 778 5045 susti
793 4972 873 5067 q‘m
888 4971 1001 5045 Wills
1020 4972 1064 5043 de
1080 4972 1185 5043 Lenn
1203 4972 1304 5044 dedit
1322 4974 1358 5044 in
1378 4974 1569 5068 maritagii
1589 4980 1634 5045 cir
1654 4973 1797 5046 claricia
1814 4974 1888 5047 filia
1906 4973 1988 5047 sua·
2009 4979 2054 5050 de
2072 4977 2133 5051 sex
