4917 6509
594 854 663 919 118
1101 846 1256 921 LIBER
1281 846 1527 920 EOCLESIE
1864 867 2036 921 sscxrv.

591 1052 694 1113 rante
711 1044 868 1135 predicto
890 1044 1044 1115 termino
1062 1040 1244 1115 Volumus
1268 1044 1348 1116 illas
1373 1045 1508 1116 nullius
1534 1039 1603 1116 esse
1625 1043 1761 1115 roboris
1777 1043 1838 1115 vel
1861 1044 2036 1115 momenti

591 1200 656 1268 per
672 1178 763 1249 banc
780 1187 903 1249 autem
920 1174 1075 1250 nostram
1091 1181 1244 1273 gratiam
1261 1202 1335 1250 non
1351 1181 1571 1251 intendimus
1597 1181 1766 1274 derogare
1791 1182 1862 1251 iuri
1885 1180 2038 1251 credito-

591 1321 710 1383 torum
737 1312 888 1406 predidli
905 1309 1106 1407 monasterij
1124 1316 1211 1407 quin
1233 1313 1409 1387 transasto
1435 1314 1592 1407 predibto
1609 1316 1763 1385 termino
1787 1309 1918 1408 possint
1933 1312 2039 1407 legit·

592 1450 680 1519 time
697 1451 887 1520 convenire
904 1449 1088 1520 Abbatem
1106 1458 1144 1521 et
1165 1458 1384 1521 conventum
1410 1449 1561 1543 preditti
1583 1446 1786 1543 monasterij
1803 1448 1908 1542 super
1923 1450 2040 1520 omni·

592 1586 658 1655 bus
684 1584 901 1676 debitisque
927 1583 1105 1677 legittime
1130 1585 1280 1677 probare
1303 1592 1476 1679 poterunt
1501 1578 1602 1654 fuisse
1626 1582 1795 1657 conversa
1817 1587 1855 1656 in
1879 1582 1984 1655 usum
2000 1594 2039 1655 et

593 1719 789 1790 utilitatem
799 1719 895 1789 illius
908 1716 1109 1813 monasterij
1123 1716 1228 1791 Teste
1241 1717 1374 1813 meipso
1390 1717 1501 1813 Apud
1519 1719 1693 1792 Sandcum
1710 1719 1894 1791 Andream
1911 1728 2038 1811 quarto

594 1855 651 1925 die
668 1848 797 1925 menfis
813 1855 934 1948 marcij
952 1851 1063 1925 Auno
1079 1857 1181 1950 regni
1197 1853 1308 1926 nostri
1324 1855 1464 1927 decimo
1481 1865 1627 1947 quarto·

594 2135 827 2209 Confirmatio
844 2138 955 2231 Regis
973 2136 1123 2209 Dauidis
1140 2137 1361 2209 decimarum
1379 2137 1564 2210 lucrorum
1580 2146 1619 2209 et
1635 2134 1877 2210 esccetarum·

484 2424 562 2493 159,
597 2370 732 2467 Dauid
750 2396 807 2466 dei
824 2396 951 2469 Gratia
967 2418 1031 2467 rex
1044 2394 1252 2467 Scottorum
1262 2392 1454 2467 iusticiario
1467 2418 1512 2468 ex
1529 2406 1632 2490 parte
1641 2396 1776 2469 boreali
1791 2396 1899 2467 maris
1916 2392 2039 2467 Scotie

594 2538 632 2600 et
649 2531 850 2601 vicecomiti
867 2531 912 2601 de
928 2530 1034 2623 perth
1051 2552 1093 2601 ac
1109 2529 1252 2601 balliuis
1268 2528 1340 2601 suis
1364 2532 1411 2601 de
1434 2554 1570 2625 gouery
1585 2533 1646 2623 qui
1663 2554 1727 2624 pro
1752 2540 1914 2623 ternpore
1929 2530 2038 2601 fuerit

594 2665 758 2739 Salutem
783 2666 878 2750 Quia
902 2662 1120 2758 inspeximus
1144 2664 1268 2736 literas
1292 2668 1487 2738 reverende
1510 2668 1683 2738 memorie
1708 2667 1843 2737 domini
1866 2666 2038 2761 genitoris

593 2796 703 2872 nostri
720 2796 891 2894 religiosa
907 2801 991 2871 viris
1016 2796 1155 2871 Abbati
1173 2810 1211 2871 et
1228 2802 1423 2871 conventui
1439 2796 1643 2891 monasterij
1663 2801 1708 2871 de
1725 2798 1844 2873 Soona
1859 2800 2037 2871 consestns

594 2938 821 3007 continentes
837 2936 932 3027 quod
949 2933 1036 3007 dicti
1055 2930 1211 3029 religiofi
1233 2936 1454 3027 temporibus
1471 2934 1565 3006 bone
1582 2937 1754 3006 memorie
1770 2935 1906 3006 domini
1923 2934 2039 3005 Alere

593 3071 695 3142 andri
713 3072 808 3165 regis
824 3067 939 3141 scocie
955 3066 1206 3163 predecessoris
1226 3065 1336 3141 nostri
1353 3070 1501 3142 fuerunt
1518 3066 1637 3142 vestiti
1653 3078 1693 3141 et
1709 3067 1819 3143 saifiti
1835 3073 1873 3143 in
1889 3070 2038 3143 liberam

591 3229 718 3299 puram
734 3214 773 3277 et
789 3213 1000 3299 perpetuam
1018 3202 1248 3279 elemosinam
1264 3206 1310 3278 de
1327 3205 1476 3279 decimis
1493 3207 1654 3277 omnium
1671 3205 1851 3278 lucrorum
1868 3215 1907 3278 et
1922 3205 2038 3279 escae-

591 3350 710 3411 tarum
727 3348 803 3411 tam
820 3342 865 3412 de
882 3339 1025 3441 placitis
1047 3337 1239 3413 iusticiarie
1255 3342 1301 3413 de
1316 3363 1452 3435 gouery
1468 3362 1577 3432 quam
1592 3342 1863 3413 vicecomitatus
1880 3339 2037 3433 ejusdem

592 3496 679 3567 quas
696 3496 819 3545 omnes
832 3474 988 3546 decimas
1001 3472 1138 3545 Abbati
1152 3483 1190 3545 et
1203 3476 1396 3546 conventui
1409 3475 1578 3566 predibtis
1592 3475 1752 3567 plenarie
1768 3477 1807 3545 in
1823 3484 2037 3569 perpetuum

592 3606 792 3703 persoluere
809 3630 873 3701 per
888 3608 1029 3679 litteras
1045 3605 1123 3679 suas
1140 3609 1317 3701 predittas
1367 3607 1592 3680 Memoratua
1610 3610 1774 3681 dominns
1790 3610 1945 3682 Genitor
1960 3609 2038 3681 uos·

593 3754 650 3815 ter
665 3743 689 3814 J
691 3738 867 3815 usticiario
885 3743 1088 3815 vicecomiti
1105 3751 1143 3815 et
1159 3743 1303 3815 balliuis
1318 3742 1390 3814 suis
1406 3745 1566 3835 parcium
1583 3744 1821 3837 predittarum
1837 3743 2038 3838 specialiter

594 3880 693 3951 dedit
709 3881 747 3949 iu
763 3879 941 3951 mandatis
958 3877 1098 3951 Volent
1115 3879 1167 3951 eis
1183 3880 1222 3950 iu
1238 3881 1416 3971 computis
1440 3877 1512 3950 suis
1534 3880 1662 3950 annuis
1677 3879 1934 3973 perpetualiter
1950 3880 2038 3953 allo·

594 4015 666 4085 cari
683 4036 807 4085 omnes
835 4015 991 4087 decimas
1015 4015 1191 4108 predidcas
1216 4015 1364 4107 presbtis
1385 4008 1557 4108 religiofis
1582 4010 1778 4107 persolutae
1812 4013 1893 4087 Nos
1907 4016 2037 4109 prefati

595 4152 730 4221 domini
751 4150 922 4245 genitoris
947 4146 1057 4221 nostri
1081 4152 1322 4221 intentionem
1346 4151 1443 4241 piam
1468 4159 1507 4221 ct
1533 4144 1792 4221 concessionem
1816 4153 2036 4225 meritoriam

594 4285 741 4377 prefatis
757 4281 928 4379 religiosis
944 4286 1094 4379 predidti
1111 4282 1316 4379 monasterij
1335 4287 1523 4357 caritative
1535 4284 1666 4357 acam
1683 4288 1721 4356 in
1732 4286 1897 4357 omnibus
1913 4310 2038 4359 manu·

594 4428 719 4490 tenere
736 4428 774 4491 et
791 4420 1000 4493 confirmare
1016 4418 1179 4492 volentes
1195 4416 1287 4492 sicut
1303 4429 1470 4493 tenemur
1487 4420 1587 4491 vobis
1602 4420 1753 4492 firmiter
1767 4422 1983 4513 precipimus
1999 4431 2037 4493 et

594 4554 806 4627 mandamus
823 4563 998 4647 quatenus
1011 4576 1135 4627 omnes
1152 4556 1307 4629 decimas
1323 4556 1499 4649 predicar
1511 4556 1659 4647 prefatis
1670 4554 1841 4650 religiosis
1859 4565 2037 4629 eteorum

594 4684 844 4762 successoribus
860 4686 1119 4783 singulisannis
1134 4688 1288 4783 persolui
1304 4691 1443 4762 faciatis
1459 4692 1497 4761 iu
1513 4699 1729 4785 perpetuum
1746 4690 1797 4762 Et
1808 4692 1903 4783 quod
1915 4694 1953 4762 in
1969 4691 2037 4762 hoc

595 4822 826 4917 apposueritis
851 4826 953 4896 uobis
977 4826 1016 4895 in
1040 4820 1186 4919 siugulis
1209 4827 1384 4920 compotis
1408 4823 1536 4898 uestris
1558 4829 1686 4897 annuis
1705 4826 1848 4919 plenius
1867 4828 2038 4899 faciemus

596 4960 737 5031 allocari
770 4959 821 5031 Et
849 4960 917 5032 hoc
946 4960 1152 5033 nullatenus
1177 4962 1355 5034 omittatis
1388 4960 1434 5033 In
1450 4962 1552 5054 cujus
1567 4965 1620 5033 rei
1638 4958 1881 5035 testimouium
1898 4962 1962 5033 has
1978 4960 2038 5033 lit·
