4917 6509
637 886 683 957 so
763 864 782 899 ⁶
1150 880 1308 951 uinus
1335 878 1585 953 occussis
1914 900 1991 952 sse.
2011 902 2100 951 ιιιιι.

640 1217 749 1289 Bulla
765 1218 930 1314 Gregorii
950 1218 1048 1311 Pape
1067 1218 1208 1289 decimi.

552 1458 627 1563 120l
638 1468 849 1589 Gregorius
868 1489 1066 1587 Episcopus
1091 1489 1213 1564 seruus
1231 1488 1416 1565 seruorum
1442 1495 1501 1565 dei
1519 1491 1707 1566 Oarislimo
1733 1496 1771 1565 in
1797 1492 1940 1567 Christo
1957 1495 2032 1567 filio
2057 1494 2100 1565 il-

639 1628 741 1703 lustri
759 1630 853 1726 Regi
879 1631 1006 1703 Scooie
1024 1629 1189 1702 Salutem
1207 1639 1245 1701 et
1262 1628 1493 1724 apostolicam
1511 1633 1801 1704 benediitionem
1860 1634 2008 1719 Quanto
2025 1656 2100 1704 ma-

634 1771 751 1861 jorem
777 1770 845 1841 tibi
872 1770 1038 1840 dominus
1064 1769 1222 1840 contulit
1248 1766 1465 1863 potestatem
1495 1780 1599 1842 tanto
1625 1768 1691 1842 sub
1716 1772 1858 1864 potenti
1883 1794 1993 1843 manu
2022 1772 2100 1862 ejus

639 1907 869 1979 humiliorem
896 1916 935 1977 te
962 1908 1133 1977 convenit
1158 1907 1332 1977 exhibere
1357 1907 1551 2001 diligenter
1576 1932 1617 1980 oc
1635 1904 1788 1980 sollicite
1812 1910 2036 2003 precarendo
2052 1933 2100 1981 ne

640 2044 759 2139 Regni
786 2046 840 2114 tui
866 2037 1031 2115 ecclesias
1057 2052 1095 2114 et
1121 2038 1377 2115 ecclesiasticas
1401 2042 1568 2137 personas
1595 2044 1669 2140 ipse
1694 2070 1822 2141 graves
1849 2050 1885 2118 in
1904 2049 2024 2141 aliquo
2042 2048 2098 2119 vel

640 2182 780 2275 gravari
811 2181 856 2251 sb
886 2179 964 2251 aliis
995 2182 1142 2273 patiaris
1206 2178 1302 2253 Sane
1331 2183 1376 2253 ad
1406 2182 1563 2256 nostram
1593 2187 1736 2255 noveris
1769 2185 1992 2257 audientiam
2023 2208 2101 2276 per·

641 2316 772 2389 venisse
790 2318 884 2409 quod
902 2326 943 2389 tu
970 2317 1014 2390 ad
1041 2313 1280 2389 ecelesiastica
1300 2318 1384 2409 jura
1410 2317 1505 2409 quod
1531 2328 1570 2389 te
1595 2340 1669 2388 uon
1695 2318 1801 2389 decet
1822 2317 1956 2413 Regias
1971 2342 2101 2389 marius

641 2456 841 2527 extendens
865 2456 960 2526 viros
985 2452 1242 2528 ecclesiasticos
1265 2452 1423 2550 gaudere
1448 2455 1617 2527 libertate
1648 2457 1773 2527 debita
1796 2478 1868 2528 non
1895 2458 2100 2550 permittis·

640 2591 731 2686 ipsos
754 2590 858 2687 snper
885 2592 990 2664 terris
1015 2590 1284 2686 possessionibus
1309 2603 1347 2667 et
1373 2594 1452 2666 aliis
1478 2595 1516 2664 in
1541 2575 1667 2686 puram
1694 2590 1925 2665 elemosinam
1952 2589 2101 2665 ecclesie

640 2726 760 2801 cliristi
785 2730 927 2801 collatis
958 2770 965 2787 ·
997 2752 1138 2802 necnon
1168 2728 1274 2825 super
1298 2726 1412 2803 causis
1437 2727 1595 2821 dotslicij
1620 2738 1659 2799 et
1689 2723 1920 2799 ecclesiarum
1950 2729 2101 2800 advoca

639 2868 797 2939 tionibus
814 2863 1027 2961 respondere
1045 2867 1081 2938 iii
1101 2864 1251 2940 seculari
1272 2869 1410 2960 judicio
1436 2874 1562 2937 contra
1580 2863 1780 2937 funciones
1796 2868 1987 2938 canonicas
2004 2891 2101 2938 com-

639 3002 808 3097 pellendo
832 3045 841 3062 ·
867 3013 910 3075 ιιι
937 3004 1047 3099 igitur
1069 3001 1288 3076 conscientie
1313 3015 1352 3076 et
1375 2988 1472 3075 fame
1489 3012 1553 3074 tue
1569 3000 1760 3073 salubriter
1785 2999 1949 3075 consulas
1971 2999 2102 3073 sereni·

639 3152 754 3214 tatem
781 3140 933 3237 Regiam
959 3142 1143 3237 Rogamus
1171 3166 1359 3214 monemus
1385 3151 1424 3212 et
1448 3142 1636 3211 hortamur
1653 3147 1797 3211 attente
1814 3141 1985 3231 quatinus
2002 3135 2030 3210 fi
2047 3138 2100 3211 est

638 3280 691 3349 ita
706 3301 895 3351 removens
912 3302 933 3351 a
950 3288 988 3349 te
1007 3302 1078 3371 que
1103 3276 1186 3350 sunt
1211 3274 1496 3373 reprehensionis
1521 3286 1608 3348 note
1627 3274 1786 3369 subjeRa
1804 3274 1908 3370 super
1925 3272 2099 3370 premillis
2126 3283 2136 3297 '

639 3417 685 3486 de
698 3426 820 3487 cetero
838 3416 883 3487 ab
901 3410 1129 3487 ecclesiarum
1148 3426 1187 3487 et
1205 3416 1417 3489 clericorum
1431 3415 1570 3510 injuriis
1588 3379 1766 3486 ab⁰stineas
1784 3426 1991 3486 reverenter
2041 3414 2100 3485 Ita

640 3552 735 3645 quod
766 3550 902 3624 abolita
932 3550 1066 3623 offensa
1090 3555 1264 3647 preterita
1289 3555 1385 3626 diem
1414 3555 1531 3649 gratie
1556 3561 1599 3623 ιιι
1625 3559 1750 3646 captes
1774 3560 1812 3622 et
1843 3576 1908 3623 nos
1938 3550 2100 3623 mansue-

639 3690 803 3761 tudinem
822 3700 922 3761 tuam
941 3689 1136 3762 debeamus
1153 3692 1190 3761 in
1209 3690 1357 3762 domino
1374 3690 1628 3763 commendare
1679 3686 1818 3757 Datum
1837 3684 1973 3759 Perusii
1991 3710 2014 3757 ii
2033 3685 2099 3755 kl·

639 3825 802 3898 Jenuerii
821 3826 1052 3921 pontificatus
1069 3823 1177 3898 nostri
1196 3852 1292 3899 anno
1310 3825 1476 3899 secundo.

639 4099 749 4171 Bulla
765 4098 919 4171 Honorii
939 4100 1038 4194 Pape
1057 4099 1122 4173 &c
1141 4100 1269 4173 illicite
1286 4101 1444 4173 alienata
1461 4110 1684 4171 revocentur.

426 4404 431 4417 ·
550 4300 624 4430 mr
641 4350 845 4445 Honorius
863 4369 1060 4467 Episcopus
1085 4372 1206 4447 servus
1232 4372 1414 4447 servorum
1431 4376 1490 4446 dei
1508 4374 1639 4445 dileeo
1657 4375 1731 4447 tilio
1755 4376 1877 4448 abbati
1894 4371 2098 4466 monasterij

637 4509 757 4583 sanRe
775 4510 889 4581 erucis
907 4509 951 4580 de
969 4510 1178 4584 Edinburch
1205 4512 1329 4585 sanor
1347 4513 1496 4584 Andree
1520 4507 1679 4606 dyocesis
1720 4512 1887 4585 Salutem
1905 4521 1943 4582 et
1960 4508 2099 4605 aposto-

638 4648 744 4720 licam
762 4646 1048 4717 benedittionem
1099 4646 1161 4719 Ad
1179 4650 1399 4722 audientiam
1418 4647 1574 4721 nostram
1592 4653 1758 4744 pervenit
1770 4650 1866 4742 quod
1884 4657 1959 4720 tani
1977 4648 2098 4717 diledli

638 4785 702 4880 filij
727 4782 853 4855 Abbes
874 4792 912 4854 et
935 4794 1135 4855 conventus
1161 4780 1364 4879 monasterij
1384 4789 1429 4857 de
1451 4785 1572 4859 Soona
1594 4788 1728 4859 ordinis
1755 4786 1879 4859 saner
1904 4780 2099 4880 Augustini

640 4920 763 4993 saneti
781 4917 930 4991 Andree
948 4916 1106 5013 dyocesis
1125 4944 1233 5013 qnam
1251 4920 1509 5017 predecessores
1526 4948 1651 4995 eorum
1666 4925 1822 4997 decimas
1846 4924 1970 4994 domos
1987 4932 2101 4993 terras

640 5051 865 5151 polseffiones
879 5066 982 5150 prata
999 5054 1129 5150 pascua
1145 5083 1293 5132 nemora
1305 5061 1514 5134 molendina
1523 5062 1608 5155 jura
1617 5059 1882 5155 jurisdittiones
1896 5069 1934 5131 et
1947 5060 2101 5151 quedam
