4917 6509
352 792 438 843 nso.
452 790 573 843 onvro
585 792 626 843 11.
767 768 805 841 S.
831 766 1128 841 TRINITATIS
1154 768 1224 841 DE
1251 768 1398 843 scoN.
1740 778 1807 845 131

352 979 389 1043 et
406 970 485 1043 zelo
501 970 685 1065 religionis
701 969 884 1039 ferventer
900 964 1038 1040 aooenfi
1058 968 1159 1062 eujus
1176 968 1407 1040 oommodom
1424 976 1463 1039 et
1479 968 1652 1041 honorem
1669 967 1808 1065 semper

349 1108 521 1202 ampliare
545 1104 730 1178 studemus
752 1106 791 1175 in
814 1104 960 1176 domino
986 1116 1028 1175 ut
1053 1100 1206 1201 religios
1233 1106 1369 1177 mundo
1392 1106 1526 1177 mortui
1553 1082 1710 1199 quietius
1735 1108 1804 1180 deo

350 1249 474 1318 vivant
490 1254 529 1316 et
554 1246 593 1315 in
610 1244 799 1315 vocatione
821 1265 893 1335 qua
915 1244 1033 1315 vooati
1054 1241 1137 1313 sunt
1160 1264 1245 1314 oum
1269 1243 1466 1337 gratiarum
1488 1244 1631 1315 sitione
1656 1243 1803 1316 liberius

347 1404 559 1475 permanere
575 1379 720 1452 valeant
736 1377 970 1453 Confiderata
995 1381 1217 1473 permaxime
1239 1381 1414 1473 temporis
1430 1381 1607 1453 varietate
1622 1384 1802 1455 contraria

350 1529 389 1592 et
411 1518 571 1591 looorum
593 1514 763 1590 distantia
785 1540 856 1610 que
879 1513 1050 1612 religiosas
1073 1518 1284 1611 frequenter
1307 1517 1460 1589 difficilis
1476 1514 1547 1589 esse
1564 1517 1749 1591 consuevit
1766 1529 1805 1591 et

352 1658 480 1729 nooiva
495 1656 619 1729 habito
636 1652 742 1750 super
758 1654 826 1727 hoo
844 1654 1009 1749 diligenti
1028 1656 1183 1727 trattatu
1201 1662 1239 1726 et
1255 1652 1384 1726 saniori
1401 1650 1548 1728 oonfilio
1572 1656 1804 1749 adhibitoque

351 1794 615 1866 rationabiliter
646 1794 793 1888 pietatis
821 1788 938 1867 studio
968 1791 1014 1863 de
1044 1787 1190 1864 oonsilio
1217 1789 1390 1864 consensu
1424 1801 1463 1864 et
1492 1788 1628 1864 assensu
1656 1794 1804 1887 capituli

347 1928 458 2002 nostri
477 1931 735 2005 Sanotiandree
752 1953 816 2024 pro
833 1928 949 2003 salute
966 1931 1086 2002 anime
1103 1925 1222 2001 nostre
1238 1924 1473 2002 suooesl'omm
1490 1926 1691 2001 nostrorum
1705 1931 1805 2003 dedi·

347 2094 429 2143 mus
446 2064 680 2143 oonaefflmus
697 2092 739 2141 ao
757 2070 868 2139 etiam
885 2066 999 2139 libere
1016 2089 1106 2160 pure
1123 2077 1162 2139 et
1179 2062 1390 2160 simpliciter
1405 2090 1470 2160 per
1486 2063 1670 2161 presentes
1695 2071 1802 2141 dona·

348 2231 430 2281 mus
456 2217 494 2279 et
519 2206 749 2279 oonoedimus
775 2228 816 2277 ao
843 2206 1058 2277 austeritate
1084 2204 1282 2298 pontificali
1307 2205 1567 2299 perpetualiter
1589 2205 1805 2300 deputamus

349 2344 575 2419 annestimus
600 2351 638 2415 et
662 2344 806 2414 unimus
830 2339 1019 2439 Religiofis
1045 2344 1129 2414 viris
1152 2342 1292 2414 Abbati
1315 2343 1361 2414 de
1385 2341 1506 2415 Soona
1524 2344 1658 2415 ordinis
1682 2343 1805 2417 Santti

349 2477 543 2578 Augustini
570 2478 689 2552 nostre
717 2476 866 2552 diooesrs
889 2481 1149 2555 Sanotiandree
1174 2504 1216 2553 ao
1244 2478 1436 2552 Canoniois
1459 2482 1573 2552 vitam
1601 2482 1804 2577 regularem

348 2616 508 2715 professis
530 2620 666 2692 ibidem
691 2618 759 2689 deo
784 2617 1021 2690 servientibus
1045 2625 1084 2688 et
1107 2620 1375 2711 imperpetuum
1395 2615 1579 2690 servituris
1604 2615 1803 2691 Eoolefiam

348 2755 589 2852 paroehialem
606 2755 652 2827 de
668 2754 747 2826 blar
763 2754 857 2827 infra
874 2754 1091 2825 dooanatum
1108 2754 1154 2825 de
1172 2752 1306 2847 Govry
1318 2776 1403 2825 oum
1417 2755 1584 2826 omnibus
1597 2751 1668 2826 suis
1684 2756 1805 2827 frusti-

348 2896 415 2967 bus
436 2892 714 2966 obventionibus
739 2892 888 2963 decimis
910 2891 1106 2985 majoribus
1130 2898 1169 2961 et
1191 2890 1390 2961 minoribus
1406 2914 1448 2963 ao
1471 2892 1704 2985 pertinenciis
1726 2894 1806 2963 uni·

350 3027 457 3105 versis
482 3030 630 3125 prefatis
652 3023 825 3123 religiofis
847 3029 885 3099 in
907 3030 1067 3121 proprios
1087 3023 1171 3097 usus
1194 3029 1233 3097 in
1258 3028 1390 3121 prefati
1414 3024 1620 3122 monasterij
1644 3040 1682 3101 et
1704 3026 1805 3102 suam

348 3167 546 3238 utilitatem
571 3164 731 3257 plenarie
756 3171 932 3257 perpetuo
957 3164 1239 3236 convertendam
1290 3162 1350 3237 Ita
1366 3166 1461 3258 quod
1486 3166 1640 3239 oedente
1660 3168 1719 3239 vel
1743 3169 1805 3241 de·

350 3305 504 3377 oedente
529 3302 675 3373 domino
699 3299 867 3373 Johanne
885 3298 990 3395 Lyell
1018 3323 1115 3372 nuno
1142 3302 1283 3372 restore
1310 3299 1468 3395 ejusdem
1494 3302 1623 3397 prefati
1650 3301 1804 3400 religiosi

351 3441 481 3513 dittam
499 3435 685 3511 eoolesram
702 3460 745 3511 ao
762 3434 896 3509 statum
914 3445 952 3509 et
969 3436 1190 3533 oorporalem
1210 3433 1458 3531 possessionem
1475 3440 1614 3511 ei9dem
1631 3463 1696 3534 per
1711 3437 1749 3513 se
1766 3451 1804 3513 et

351 3577 566 3650 austoritate
588 3576 731 3670 propria
752 3572 884 3667 absque
905 3572 1149 3667 oujusounque
1171 3573 1322 3646 alterins
1347 3570 1583 3670 assignatione
1607 3577 1667 3649 vol
1695 3580 1806 3651 tradi-

350 3716 450 3787 tione
462 3714 575 3785 libere
587 3714 726 3784 intrent
738 3724 777 3783 et
794 3708 1044 3785 nanciscantur
1060 3712 1217 3783 habeant
1230 3721 1270 3784 et
1282 3713 1472 3804 obtineaut
1488 3710 1671 3807 ipsamque
1680 3717 1805 3809 quiete

349 3859 500 3925 teneant
517 3858 556 3922 et
572 3858 747 3943 perpetuo
763 3843 963 3942 possideant
982 3846 1072 3921 srout
1089 3849 1247 3941 aliquam
1261 3844 1448 3922 ecelesiam
1458 3852 1552 3923 infra
1561 3850 1804 3946 episcopatum

348 3986 509 4061 nostrum
526 3989 684 4080 quietius
701 3994 740 4059 et
757 3986 903 4059 liberius
920 3982 1099 4081 possident
1115 3983 1177 4057 seu
1195 3982 1368 4080 possidere
1385 3983 1644 4061 consueverant
1659 3991 1698 4060 in
1714 3987 1804 4083 ipso·

348 4148 428 4197 rum
447 4120 529 4195 usus
545 4124 706 4217 proprios
718 4132 757 4195 et
769 4124 899 4217 prefati
918 4120 1121 4217 monasterij
1139 4121 1337 4194 utilitatem
1350 4133 1393 4195 ut
1409 4125 1804 4220 premittiturplenarie

350 4259 630 4335 tmnslerendam
658 4258 775 4332 Salvis
793 4269 914 4332 tamen
937 4255 1107 4355 pensione
1129 4267 1278 4332 eentum
1294 4257 1487 4331 solidorum
1512 4258 1727 4335 monasterio
1756 4266 1802 4337 de

348 4393 642 4472 Cambuskeneth
662 4397 707 4469 de
730 4398 826 4469 droa
848 4392 997 4470 eoolesra
1020 4398 1142 4470 debita
1165 4406 1203 4469 et
1226 4396 1395 4469 oneribus
1415 4397 1601 4471 ordinariis
1623 4400 1802 4475 consuetis

349 4547 425 4609 tam
443 4532 700 4628 episcopalibus
713 4558 821 4627 quam
839 4533 1183 4607 archidiaconalibus
1196 4531 1267 4605 suis
1280 4534 1445 4605 terminis
1458 4530 1549 4608 srout
1561 4536 1638 4609 sieri
1655 4538 1802 4611 eonsue-

348 4676 403 4745 vit
420 4671 581 4766 plenarie
596 4666 840 4764 persolvendis
882 4670 931 4742 Et
946 4672 1041 4765 quod
1058 4672 1178 4743 eidem
1196 4666 1344 4743 eoelesro
1361 4694 1557 4765 perunum
1575 4675 1801 4768 capellanum

348 4810 529 4906 ydoneum
540 4806 632 4881 siout
642 4817 681 4881 et
691 4809 770 4880 aliis
782 4804 940 4881 eoolefiis
950 4806 1021 4881 suis
1031 4810 1069 4881 in
1080 4808 1210 4880 divinis
1221 4808 1346 4880 officiis
1356 4810 1480 4881 debite
1490 4810 1623 4883 bolant
1634 4810 1801 4886 deserviri

350 4947 532 5021 Volumus
549 4947 659 5019 etiam
676 4956 714 5017 et
731 4946 936 5019 ordinamus
954 4946 1049 5039 quod
1067 4941 1216 5018 eoelefia
1232 4946 1278 5017 de
1295 4946 1489 5042 kerington
1512 4942 1633 5020 nostre
1653 4946 1800 5023 diocefis
