4917 6509
357 706 441 757 ouo.
461 706 542 757 noc.
562 706 604 760 11.
763 688 800 760 S.
826 688 1121 763 TRINITATIS
1147 689 1216 762 DE
1243 689 1390 763 SCON.

356 1022 464 1096 Carta
481 1025 630 1098 Roberti
649 1027 759 1123 Regis
777 1030 821 1100 de
839 1053 978 1103 summa
995 1033 1040 1102 de
1056 1031 1166 1103 firmia
1184 1034 1228 1102 de
1247 1031 1357 1103 Pertb
1375 1033 1612 1127 percipienda.

243 1306 323 1374 183.
357 1272 551 1375 Robertus
569 1302 640 1375 Dei
664 1307 779 1399 gratio
795 1305 876 1377 Rex
894 1305 1100 1378 Scottorum
1118 1309 1283 1378 omnibus
1300 1309 1419 1401 probis
1435 1308 1640 1379 bominibus
1660 1303 1730 1377 suis
1750 1308 1794 1377 ad

354 1463 442 1532 quos
459 1439 639 1534 presentes
665 1441 769 1514 litere
793 1447 1021 1537 pervenerint
1038 1441 1187 1515 salutem
1228 1444 1358 1517 Sciatis
1384 1446 1478 1537 quod
1496 1468 1560 1539 per
1585 1445 1796 1539 diligentem

354 1579 657 1650 examinationem
681 1588 719 1651 et
744 1579 985 1673 inspexiouem
1011 1581 1209 1652 rotulorum
1236 1580 1434 1653 nostrorum
1460 1592 1498 1653 et
1523 1580 1633 1653 nostri
1658 1577 1797 1675 registri

355 1712 485 1787 facum
500 1716 544 1787 de
561 1719 731 1789 mandato
748 1715 866 1789 nostro
884 1742 947 1811 per
963 1720 1142 1790 auditores
1155 1701 1402 1813 compotorum
1415 1715 1614 1790 nostrorum
1627 1720 1665 1789 iii
1678 1716 1797 1790 nostro
1847 1753 1849 1756 ·

354 1849 527 1926 scaccario
544 1864 581 1926 et
598 1878 662 1948 per
678 1856 765 1928 alies
782 1857 979 1928 evidentias
997 1880 1083 1949 quas
1100 1857 1210 1929 etiam
1237 1859 1349 1929 videri
1367 1868 1405 1929 et
1425 1858 1621 1930 examinari
1647 1857 1797 1927 fecimus

355 1991 459 2062 noibs
485 1994 671 2065 evidenter
696 1995 854 2065 innotuit
875 1997 969 2087 quod
987 1989 1138 2089 religiosi
1156 1997 1221 2065 viri
1240 1995 1365 2067 Abbas
1382 2004 1635 2068 etconventus
1653 1989 1798 2063 Mones-

355 2130 435 2223 terij
454 2130 499 2201 do
516 2129 634 2203 Scoiia
650 2142 887 2225 perceperunt
904 2133 1103 2224 antiquitus
1120 2156 1161 2204 ao
1177 2134 1361 2226 percipere
1386 2134 1589 2204 debuemnt
1606 2142 1645 2202 et
1662 2132 1796 2203 debent

354 2269 539 2339 annuatim
558 2262 621 2361 pid
633 2272 781 2361 antiqua
798 2266 990 2341 elemosina
1006 2267 1286 2363 predecessorum
1299 2269 1498 2341 nostrorum
1513 2270 1654 2364 Regum
1672 2267 1798 2340 Scoto-

353 2428 431 2475 rum
450 2405 495 2477 de
509 2406 618 2477 firmis
631 2407 733 2503 burgi
748 2404 855 2479 nostri
875 2410 920 2479 de
938 2409 1050 2480 Pertb
1062 2410 1220 2502 quinque
1232 2408 1340 2479 libras
1353 2417 1426 2479 tres
1442 2405 1571 2477 solidos
1588 2416 1627 2477 et
1644 2415 1797 2497 quatuor

355 2542 517 2614 denarios
542 2540 792 2639 sterlingorum
837 2544 957 2629 Quare
975 2546 1178 2617 Camerario
1195 2542 1314 2615 nostro
1337 2546 1397 2637 qui
1423 2566 1487 2637 pro
1504 2552 1666 2636 tempore
1688 2543 1797 2612 suerit

354 2704 395 2751 ac
412 2682 522 2752 etiam
539 2678 726 2775 prepositis
744 2692 782 2753 et
799 2682 940 2754 ballivis
955 2685 1038 2755 dicti
1052 2684 1154 2779 burgi
1172 2678 1280 2753 nostri
1299 2684 1343 2753 de
1358 2682 1469 2752 Pertb
1483 2683 1543 2774 qui
1557 2704 1621 2774 pro
1635 2690 1796 2771 tempore

353 2820 461 2891 fuerit
502 2815 645 2891 Damus
670 2829 794 2893 tenore
819 2820 1038 2915 presentium
1064 2824 1214 2893 firmiter
1230 2822 1267 2891 in
1284 2822 1463 2892 mandatis
1481 2820 1576 2911 quod
1594 2819 1697 2889 ditiis
1713 2818 1797 2888 reli-

352 2953 457 3053 giosis
470 2958 624 3052 prefatas
638 2959 795 3051 quinque
808 2958 914 3031 libras
928 2974 1001 3030 tres
1015 2958 1143 3031 solidos
1156 2968 1194 3029 et
1208 2942 1361 3051 quatuor
1373 2958 1535 3029 dena‘rios
1548 2953 1796 3049 sterlingorum
1812 2939 1815 2945 ⁵

352 3096 455 3166 annis
479 3092 626 3191 singulis
643 3096 688 3167 de
704 3096 815 3167 firmis
840 3097 923 3169 dicti
949 3096 1052 3191 burgi
1069 3098 1114 3168 ad
1133 3098 1220 3167 duos
1237 3097 1321 3167 aurii
1348 3097 1520 3167 terminos
1544 3088 1619 3165 fine
1636 3092 1795 3187 qualibet

352 3232 564 3305 difficultate
580 3230 757 3327 persolvat
783 3233 902 3318 Quam
915 3231 1088 3306 summam
1100 3235 1252 3327 pecunie
1263 3228 1327 3305 fibi
1340 3235 1378 3303 iii
1392 3233 1567 3326 compotis
1580 3229 1650 3303 suis
1666 3234 1794 3303 annuis

352 3370 397 3442 de
421 3371 531 3441 firmis
558 3372 642 3442 dicti
667 3371 771 3465 burgi
796 3372 985 3443 reddendis
1031 3371 1212 3443 Volumus
1238 3380 1276 3442 et
1301 3370 1515 3463 precipimus
1540 3394 1604 3464 pro
1629 3370 1732 3441 nobis
1757 3380 1794 3441 et

352 3505 479 3601 nostris
495 3509 685 3581 heredibus
698 3531 762 3604 per
774 3507 956 3603 presentes
969 3508 1109 3602 plenius
1127 3508 1270 3581 allocari
1308 3508 1353 3578 Iu
1369 3508 1469 3601 cujus
1485 3508 1537 3579 rei
1551 3504 1794 3579 testimonium

352 3647 416 3720 has
433 3648 554 3721 literas
572 3644 635 3719 sibi
654 3648 730 3719 lieri
749 3649 898 3721 fecimus
915 3656 1082 3741 patentes
1121 3644 1229 3740 Apud
1250 3646 1360 3717 Pertb
1375 3640 1541 3717 vicesimo
1555 3645 1614 3716 die
1627 3645 1792 3738 febroarij

353 3784 463 3856 Auno
479 3787 579 3881 regni
597 3782 707 3856 nostri
726 3784 889 3857 secundo.

353 4060 462 4131 Carta
479 4058 629 4132 Roberti
648 4060 759 4155 Regis
775 4061 820 4132 de
836 4058 999 4133 secundis
1017 4060 1163 4129 decimis
1181 4059 1225 4129 de
1244 4057 1338 4129 Rote
1355 4066 1393 4128 et
1411 4058 1456 4127 de
1474 4056 1698 4149 Kynfaunys

244 4347 322 4413 184.
356 4310 550 4408 Robertus
568 4332 637 4403 Dei
655 4334 770 4428 gratia
786 4333 867 4403 Rex
886 4331 1094 4405 Scottorum
1112 4333 1313 4403 vicecomiti
1331 4342 1370 4402 et
1386 4330 1527 4431 balli-vis
1539 4329 1609 4403 suis
1623 4334 1668 4403 de
1683 4332 1793 4403 Pertb

352 4472 505 4545 salutem
543 4471 638 4556 Quia
653 4470 779 4541 rotulis
797 4479 1044 4564 computorum
1063 4466 1260 4540 nostrorum
1278 4469 1323 4540 de
1340 4469 1510 4541 mandato
1526 4466 1646 4541 nostro
1659 4465 1739 4541 visis
1755 4479 1794 4541 et

353 4611 545 4705 diligenter
557 4609 722 4703 inspectis
739 4608 841 4679 nobis
859 4604 995 4679 constat
1007 4608 1052 4680 ad
1071 4608 1216 4700 plenum
1230 4608 1325 4700 quod
1339 4616 1413 4679 tam
1431 4618 1593 4702 tempore
1605 4608 1794 4679 recolende

353 4750 524 4821 memorie
541 4748 676 4818 domini
694 4746 844 4818 Roberti
862 4747 918 4818 avi
936 4743 1045 4816 nostri
1063 4769 1168 4838 quani
1196 4745 1464 4818 domini-David
1484 4744 1668 4817 Avuuculi
1685 4744 1794 4817 nostri

356 4888 495 4983 Regum
515 4884 719 4959 Scottorum
740 4880 930 4956 illustrium
949 4878 1229 4977 predecessorum
1248 4880 1446 4955 nostrorum
1463 4879 1616 4979 religiosi
1635 4886 1699 4956 viri
1718 4883 1795 4956 Ab·
