<?xml version="1.0" encoding="UTF-8"?>
<!DOCTYPE html PUBLIC "-//W3C//DTD XHTML 1.0 Transitional//EN"
    "http://www.w3.org/TR/xhtml1/DTD/xhtml1-transitional.dtd">
<html xmlns="http://www.w3.org/1999/xhtml" xml:lang="en" lang="en">
 <head>
  <title>
</title>
<meta http-equiv="Content-Type" content="text/html;charset=utf-8" />
  <meta name='ocr-system' content='tesseract 3.04.00' />
  <meta name='ocr-capabilities' content='ocr_page ocr_carea ocr_par ocr_line ocrx_word'/>
</head>
<body>
  <div class='ocr_page' id='page_1' title='image "./liberecclesiede00abbegoog_0203.png"; bbox 0 0 4917 6509; ppageno 0'>
   <div class='ocr_carea' id='block_1_1' title="bbox 339 833 1798 936">
    <p class='ocr_par' dir='ltr' id='par_1_1' title="bbox 339 833 1798 936">
     <span class='ocr_line' id='line_1_1' title="bbox 339 833 1798 936; baseline 0.001 -9"><span class='ocrx_word' id='word_1_1' title='bbox 339 878 424 929; x_wconf 72' lang='grc'><strong>11111.</strong></span> <span class='ocrx_word' id='word_1_2' title='bbox 437 878 522 929; x_wconf 68' lang='lat' dir='ltr'>non.</span> <span class='ocrx_word' id='word_1_3' title='bbox 535 879 592 929; x_wconf 88' lang='lat'>111.</span> <span class='ocrx_word' id='word_1_4' title='bbox 768 855 1126 928; x_wconf 73' lang='lat' dir='ltr'>summanus</span> <span class='ocrx_word' id='word_1_5' title='bbox 1151 856 1219 927; x_wconf 83' lang='lat' dir='ltr'>on</span> <span class='ocrx_word' id='word_1_6' title='bbox 1244 856 1390 929; x_wconf 79' lang='lat' dir='ltr'>soon.</span> <span class='ocrx_word' id='word_1_7' title='bbox 1729 833 1798 936; x_wconf 76' lang='lat'>147</span> 
     </span>
    </p>
   </div>
   <div class='ocr_carea' id='block_1_2' title="bbox 337 1192 1793 1288">
    <p class='ocr_par' dir='ltr' id='par_1_2' title="bbox 337 1192 1793 1288">
     <span class='ocr_line' id='line_1_2' title="bbox 337 1192 1793 1288; baseline -0.001 -21"><span class='ocrx_word' id='word_1_8' title='bbox 337 1196 446 1268; x_wconf 86' lang='lat' dir='ltr'>Carta</span> <span class='ocrx_word' id='word_1_9' title='bbox 462 1196 743 1267; x_wconf 88' lang='lat' dir='ltr'>confirmationis</span> <span class='ocrx_word' id='word_1_10' title='bbox 760 1192 871 1288; x_wconf 86' lang='lat' dir='ltr'>Regis</span> <span class='ocrx_word' id='word_1_11' title='bbox 889 1192 1040 1265; x_wconf 86' lang='lat' dir='ltr'>Roharti</span> <span class='ocrx_word' id='word_1_12' title='bbox 1059 1194 1159 1263; x_wconf 88' lang='lat' dir='ltr'>tertii</span> <span class='ocrx_word' id='word_1_13' title='bbox 1177 1202 1275 1264; x_wconf 83' lang='lat' dir='ltr'>carte</span> <span class='ocrx_word' id='word_1_14' title='bbox 1294 1193 1404 1287; x_wconf 87' lang='lat' dir='ltr'>Regis</span> <span class='ocrx_word' id='word_1_15' title='bbox 1422 1192 1572 1265; x_wconf 87' lang='lat' dir='ltr'>Roberti</span> <span class='ocrx_word' id='word_1_16' title='bbox 1591 1197 1695 1286; x_wconf 89' lang='lat' dir='ltr'>primi</span> <span class='ocrx_word' id='word_1_17' title='bbox 1713 1206 1793 1266; x_wconf 64' lang='lat' dir='ltr'>&#39;tc‘-</span> 
     </span>
    </p>
   </div>
   <div class='ocr_carea' id='block_1_3' title="bbox 227 1448 1855 3759">
    <p class='ocr_par' dir='ltr' id='par_1_3' title="bbox 227 1448 1855 3348">
     <span class='ocr_line' id='line_1_3' title="bbox 227 1448 1794 1561; baseline 0.001 -24"><span class='ocrx_word' id='word_1_18' title='bbox 227 1474 307 1539; x_wconf 85' lang='lat'>188.</span> <span class='ocrx_word' id='word_1_19' title='bbox 340 1448 535 1543; x_wconf 80' lang='lat' dir='ltr'>Robertus</span> <span class='ocrx_word' id='word_1_20' title='bbox 561 1470 619 1540; x_wconf 87' lang='lat' dir='ltr'>dei</span> <span class='ocrx_word' id='word_1_21' title='bbox 643 1467 774 1541; x_wconf 80' lang='lat' dir='ltr'><strong>Gracia</strong></span> <span class='ocrx_word' id='word_1_22' title='bbox 800 1467 882 1539; x_wconf 85' lang='lat' dir='ltr'>Rex</span> <span class='ocrx_word' id='word_1_23' title='bbox 908 1465 1116 1538; x_wconf 81' lang='lat' dir='ltr'>Scottorum</span> <span class='ocrx_word' id='word_1_24' title='bbox 1140 1466 1288 1538; x_wconf 83' lang='lat' dir='ltr'>Tercius</span> <span class='ocrx_word' id='word_1_25' title='bbox 1306 1465 1485 1539; x_wconf 86' lang='lat' dir='ltr'><strong>Omnibus</strong></span> <span class='ocrx_word' id='word_1_26' title='bbox 1502 1469 1622 1561; x_wconf 80' lang='lat' dir='ltr'>probis</span> <span class='ocrx_word' id='word_1_27' title='bbox 1638 1469 1794 1540; x_wconf 90' lang='lat' dir='ltr'>homini-</span> 
     </span>
     <span class='ocr_line' id='line_1_4' title="bbox 337 1592 1793 1699; baseline 0.001 -22"><span class='ocrx_word' id='word_1_28' title='bbox 337 1608 404 1680; x_wconf 85' lang='lat' dir='ltr'>bus</span> <span class='ocrx_word' id='word_1_29' title='bbox 422 1609 538 1677; x_wconf 88' lang='lat' dir='ltr'>tocius</span> <span class='ocrx_word' id='word_1_30' title='bbox 556 1616 651 1677; x_wconf 87' lang='lat' dir='ltr'>terre</span> <span class='ocrx_word' id='word_1_31' title='bbox 667 1604 730 1676; x_wconf 88' lang='lat' dir='ltr'>suc</span> <span class='ocrx_word' id='word_1_32' title='bbox 748 1605 886 1676; x_wconf 77' lang='lat' dir='ltr'>clericis</span> <span class='ocrx_word' id='word_1_33' title='bbox 908 1614 947 1675; x_wconf 88' lang='lat' dir='ltr'>et</span> <span class='ocrx_word' id='word_1_34' title='bbox 974 1592 1073 1674; x_wconf 83' lang='lat' dir='ltr'>laicis</span> <span class='ocrx_word' id='word_1_35' title='bbox 1100 1602 1264 1676; x_wconf 82' lang='lat' dir='ltr'>Salutem</span> <span class='ocrx_word' id='word_1_36' title='bbox 1291 1603 1423 1675; x_wconf 88' lang='lat' dir='ltr'>Sciatis</span> <span class='ocrx_word' id='word_1_37' title='bbox 1448 1628 1513 1676; x_wconf 91' lang='lat' dir='ltr'>nos</span> <span class='ocrx_word' id='word_1_38' title='bbox 1540 1602 1727 1699; x_wconf 71' lang='lat' dir='ltr'>inspexisse</span> <span class='ocrx_word' id='word_1_39' title='bbox 1751 1630 1793 1678; x_wconf 87' lang='lat' dir='ltr'>ac</span> 
     </span>
     <span class='ocr_line' id='line_1_5' title="bbox 337 1736 1794 1839; baseline -0.003 -22"><span class='ocrx_word' id='word_1_40' title='bbox 337 1746 501 1839; x_wconf 80' lang='lat' dir='ltr'>diligenti</span> <span class='ocrx_word' id='word_1_41' title='bbox 519 1753 557 1815; x_wconf 87' lang='lat' dir='ltr'>et</span> <span class='ocrx_word' id='word_1_42' title='bbox 574 1753 716 1817; x_wconf 87' lang='lat' dir='ltr'>matura</span> <span class='ocrx_word' id='word_1_43' title='bbox 733 1742 991 1815; x_wconf 81' lang='lat' dir='ltr'>deliberatione</span> <span class='ocrx_word' id='word_1_44' title='bbox 1009 1736 1143 1832; x_wconf 86' lang='lat' dir='ltr'>consilij</span> <span class='ocrx_word' id='word_1_45' title='bbox 1162 1737 1273 1811; x_wconf 89' lang='lat' dir='ltr'>nostri</span> <span class='ocrx_word' id='word_1_46' title='bbox 1291 1740 1433 1834; x_wconf 78' lang='lat' dir='ltr'>plenius</span> <span class='ocrx_word' id='word_1_47' title='bbox 1451 1738 1666 1814; x_wconf 79' lang='lat' dir='ltr'>intellexisse</span> <span class='ocrx_word' id='word_1_48' title='bbox 1682 1766 1794 1835; x_wconf 89' lang='lat' dir='ltr'>quan-</span> 
     </span>
     <span class='ocr_line' id='line_1_6' title="bbox 337 1873 1855 1955; baseline -0.003 -1"><span class='ocrx_word' id='word_1_49' title='bbox 337 1884 419 1955; x_wconf 88' lang='lat' dir='ltr'>dam</span> <span class='ocrx_word' id='word_1_50' title='bbox 454 1890 591 1953; x_wconf 84' lang='lat' dir='ltr'>cartam</span> <span class='ocrx_word' id='word_1_51' title='bbox 622 1880 923 1951; x_wconf 87' lang='lat' dir='ltr'>confirmatoriam</span> <span class='ocrx_word' id='word_1_52' title='bbox 954 1873 1238 1951; x_wconf 87' lang='lat' dir='ltr'>recolendilsrma</span> <span class='ocrx_word' id='word_1_53' title='bbox 1268 1881 1441 1950; x_wconf 87' lang='lat' dir='ltr'>memorie</span> <span class='ocrx_word' id='word_1_54' title='bbox 1472 1880 1607 1951; x_wconf 91' lang='lat' dir='ltr'>domini</span> <span class='ocrx_word' id='word_1_55' title='bbox 1642 1880 1793 1951; x_wconf 90' lang='lat' dir='ltr'>Roberti</span> <span class='ocrx_word' id='word_1_56' title='bbox 1846 1915 1855 1934; x_wconf 54' lang='grc'>’-</span> 
     </span>
     <span class='ocr_line' id='line_1_7' title="bbox 337 2012 1794 2115; baseline -0.002 -24"><span class='ocrx_word' id='word_1_57' title='bbox 337 2022 395 2092; x_wconf 87' lang='lat' dir='ltr'>dei</span> <span class='ocrx_word' id='word_1_58' title='bbox 411 2020 528 2115; x_wconf 86' lang='lat' dir='ltr'>gratia</span> <span class='ocrx_word' id='word_1_59' title='bbox 544 2017 625 2088; x_wconf 87' lang='lat' dir='ltr'>Rex</span> <span class='ocrx_word' id='word_1_60' title='bbox 640 2017 849 2089; x_wconf 88' lang='lat' dir='ltr'>Scottomm</span> <span class='ocrx_word' id='word_1_61' title='bbox 868 2012 1095 2087; x_wconf 87' lang='lat' dir='ltr'>Illustriffimi</span> <span class='ocrx_word' id='word_1_62' title='bbox 1112 2018 1218 2109; x_wconf 93' lang='lat' dir='ltr'>primi</span> <span class='ocrx_word' id='word_1_63' title='bbox 1232 2017 1362 2088; x_wconf 71' lang='lat' dir='ltr'>fudam</span> <span class='ocrx_word' id='word_1_64' title='bbox 1375 2015 1547 2112; x_wconf 77' lang='lat' dir='ltr'>religiosis</span> <span class='ocrx_word' id='word_1_65' title='bbox 1559 2020 1644 2089; x_wconf 88' lang='lat' dir='ltr'>viris</span> <span class='ocrx_word' id='word_1_66' title='bbox 1656 2018 1794 2090; x_wconf 83' lang='lat' dir='ltr'>Abbati</span> 
     </span>
     <span class='ocr_line' id='line_1_8' title="bbox 337 2149 1794 2249; baseline -0.003 -20"><span class='ocrx_word' id='word_1_67' title='bbox 337 2167 375 2229; x_wconf 91' lang='lat' dir='ltr'>et</span> <span class='ocrx_word' id='word_1_68' title='bbox 393 2158 573 2229; x_wconf 88' lang='lat' dir='ltr'>canonicis</span> <span class='ocrx_word' id='word_1_69' title='bbox 591 2149 800 2246; x_wconf 69' lang='lat' dir='ltr'>monasterij</span> <span class='ocrx_word' id='word_1_70' title='bbox 820 2154 951 2227; x_wconf 68' lang='lat' dir='ltr'>Sancte</span> <span class='ocrx_word' id='word_1_71' title='bbox 978 2154 1151 2225; x_wconf 83' lang='lat' dir='ltr'>trinitatis</span> <span class='ocrx_word' id='word_1_72' title='bbox 1178 2163 1215 2224; x_wconf 91' lang='lat' dir='ltr'>et</span> <span class='ocrx_word' id='word_1_73' title='bbox 1242 2150 1353 2226; x_wconf 72' lang='lat' dir='ltr'>sandei</span> <span class='ocrx_word' id='word_1_74' title='bbox 1378 2154 1566 2226; x_wconf 84' lang='lat' dir='ltr'>michaelis</span> <span class='ocrx_word' id='word_1_75' title='bbox 1590 2155 1794 2249; x_wconf 84' lang='lat' dir='ltr'>archangeli</span> 
     </span>
     <span class='ocr_line' id='line_1_9' title="bbox 337 2288 1793 2385; baseline -0.001 -20"><span class='ocrx_word' id='word_1_76' title='bbox 337 2297 382 2366; x_wconf 87' lang='lat' dir='ltr'>de</span> <span class='ocrx_word' id='word_1_77' title='bbox 401 2292 519 2367; x_wconf 87' lang='lat' dir='ltr'>Scona</span> <span class='ocrx_word' id='word_1_78' title='bbox 536 2292 671 2365; x_wconf 88' lang='lat' dir='ltr'>ibidem</span> <span class='ocrx_word' id='word_1_79' title='bbox 689 2293 757 2363; x_wconf 89' lang='lat' dir='ltr'>deo</span> <span class='ocrx_word' id='word_1_80' title='bbox 783 2289 1019 2363; x_wconf 87' lang='lat' dir='ltr'>servientibus</span> <span class='ocrx_word' id='word_1_81' title='bbox 1044 2301 1083 2362; x_wconf 91' lang='lat' dir='ltr'>et</span> <span class='ocrx_word' id='word_1_82' title='bbox 1106 2288 1288 2361; x_wconf 85' lang='lat' dir='ltr'>servituris</span> <span class='ocrx_word' id='word_1_83' title='bbox 1304 2293 1572 2385; x_wconf 87' lang='lat' dir='ltr'>imperpetuum</span> <span class='ocrx_word' id='word_1_84' title='bbox 1590 2315 1663 2362; x_wconf 93' lang='lat' dir='ltr'>non</span> <span class='ocrx_word' id='word_1_85' title='bbox 1680 2292 1793 2364; x_wconf 88' lang='lat' dir='ltr'>rasam</span> 
     </span>
     <span class='ocr_line' id='line_1_10' title="bbox 337 2426 1793 2522; baseline -0.003 -18"><span class='ocrx_word' id='word_1_86' title='bbox 337 2456 409 2504; x_wconf 90' lang='lat' dir='ltr'>non</span> <span class='ocrx_word' id='word_1_87' title='bbox 428 2432 599 2504; x_wconf 88' lang='lat' dir='ltr'>abolitam</span> <span class='ocrx_word' id='word_1_88' title='bbox 626 2452 699 2499; x_wconf 91' lang='lat' dir='ltr'>non</span> <span class='ocrx_word' id='word_1_89' title='bbox 725 2428 962 2501; x_wconf 81' lang='lat' dir='ltr'>cancellatum</span> <span class='ocrx_word' id='word_1_90' title='bbox 987 2450 1054 2499; x_wconf 89' lang='lat' dir='ltr'>neo</span> <span class='ocrx_word' id='word_1_91' title='bbox 1080 2430 1117 2498; x_wconf 90' lang='lat' dir='ltr'>in</span> <span class='ocrx_word' id='word_1_92' title='bbox 1143 2427 1264 2520; x_wconf 87' lang='lat' dir='ltr'>aliqua</span> <span class='ocrx_word' id='word_1_93' title='bbox 1289 2426 1341 2499; x_wconf 88' lang='lat' dir='ltr'>sui</span> <span class='ocrx_word' id='word_1_94' title='bbox 1367 2438 1470 2522; x_wconf 85' lang='lat' dir='ltr'>parte</span> <span class='ocrx_word' id='word_1_95' title='bbox 1487 2431 1651 2500; x_wconf 87' lang='lat' dir='ltr'>vitiatam</span> <span class='ocrx_word' id='word_1_96' title='bbox 1668 2431 1706 2499; x_wconf 92' lang='lat' dir='ltr'>in</span> <span class='ocrx_word' id='word_1_97' title='bbox 1723 2430 1793 2500; x_wconf 91' lang='lat' dir='ltr'>hiis</span> 
     </span>
     <span class='ocr_line' id='line_1_11' title="bbox 340 2563 1793 2664; baseline -0.003 -24"><span class='ocrx_word' id='word_1_98' title='bbox 340 2572 456 2642; x_wconf 87' lang='lat' dir='ltr'>verbis</span> <span class='ocrx_word' id='word_1_99' title='bbox 489 2570 550 2664; x_wconf 92' lang='lat' dir='ltr'>[ut</span> <span class='ocrx_word' id='word_1_100' title='bbox 579 2567 684 2661; x_wconf 87' lang='lat' dir='ltr'>snpra</span> <span class='ocrx_word' id='word_1_101' title='bbox 717 2563 816 2659; x_wconf 64' lang='lat'>129]</span> <span class='ocrx_word' id='word_1_102' title='bbox 850 2566 1114 2660; x_wconf 85' lang='lat' dir='ltr'>Quamquidem</span> <span class='ocrx_word' id='word_1_103' title='bbox 1149 2575 1287 2637; x_wconf 89' lang='lat' dir='ltr'>cartam</span> <span class='ocrx_word' id='word_1_104' title='bbox 1319 2566 1620 2638; x_wconf 88' lang='lat' dir='ltr'>confirmatoriam</span> <span class='ocrx_word' id='word_1_105' title='bbox 1651 2568 1688 2636; x_wconf 91' lang='lat' dir='ltr'>in</span> <span class='ocrx_word' id='word_1_106' title='bbox 1718 2588 1793 2635; x_wconf 90' lang='lat' dir='ltr'>om-</span> 
     </span>
     <span class='ocr_line' id='line_1_12' title="bbox 337 2668 1794 2799; baseline -0.003 -22"><span class='ocrx_word' id='word_1_107' title='bbox 337 2707 443 2777; x_wconf 86' lang='lat' dir='ltr'>nibus</span> <span class='ocrx_word' id='word_1_108' title='bbox 461 2705 602 2799; x_wconf 72' lang='lat' dir='ltr'>punctis</span> <span class='ocrx_word' id='word_1_109' title='bbox 619 2703 779 2776; x_wconf 83' lang='lat' dir='ltr'>articulis</span> <span class='ocrx_word' id='word_1_110' title='bbox 797 2698 1075 2775; x_wconf 86' lang='lat' dir='ltr'>circumstantiis</span> <span class='ocrx_word' id='word_1_111' title='bbox 1092 2714 1130 2774; x_wconf 88' lang='lat' dir='ltr'>et</span> <span class='ocrx_word' id='word_1_112' title='bbox 1148 2668 1414 2774; x_wconf 87' lang='lat' dir='ltr'>conditionibus</span> <span class='ocrx_word' id='word_1_113' title='bbox 1439 2701 1511 2774; x_wconf 91' lang='lat' dir='ltr'>suis</span> <span class='ocrx_word' id='word_1_114' title='bbox 1528 2703 1642 2774; x_wconf 84' lang='lat' dir='ltr'>forma</span> <span class='ocrx_word' id='word_1_115' title='bbox 1659 2705 1794 2796; x_wconf 89' lang='lat' dir='ltr'>pariter</span> 
     </span>
     <span class='ocr_line' id='line_1_13' title="bbox 337 2836 1793 2932; baseline -0.003 -18"><span class='ocrx_word' id='word_1_116' title='bbox 337 2853 375 2914; x_wconf 90' lang='lat' dir='ltr'>et</span> <span class='ocrx_word' id='word_1_117' title='bbox 392 2842 524 2915; x_wconf 80' lang='lat' dir='ltr'>effeRu</span> <span class='ocrx_word' id='word_1_118' title='bbox 548 2840 628 2912; x_wconf 93' lang='lat' dir='ltr'>Nos</span> <span class='ocrx_word' id='word_1_119' title='bbox 652 2840 772 2911; x_wconf 89' lang='lat' dir='ltr'>divine</span> <span class='ocrx_word' id='word_1_120' title='bbox 796 2841 955 2911; x_wconf 86' lang='lat' dir='ltr'>caritatis</span> <span class='ocrx_word' id='word_1_121' title='bbox 978 2841 1114 2909; x_wconf 89' lang='lat' dir='ltr'>intuitu</span> <span class='ocrx_word' id='word_1_122' title='bbox 1133 2848 1171 2910; x_wconf 92' lang='lat' dir='ltr'>et</span> <span class='ocrx_word' id='word_1_123' title='bbox 1188 2862 1252 2932; x_wconf 91' lang='lat' dir='ltr'>pro</span> <span class='ocrx_word' id='word_1_124' title='bbox 1270 2836 1384 2911; x_wconf 89' lang='lat' dir='ltr'>salute</span> <span class='ocrx_word' id='word_1_125' title='bbox 1402 2842 1520 2912; x_wconf 89' lang='lat' dir='ltr'>anime</span> <span class='ocrx_word' id='word_1_126' title='bbox 1537 2837 1656 2911; x_wconf 89' lang='lat' dir='ltr'>nostre</span> <span class='ocrx_word' id='word_1_127' title='bbox 1673 2849 1712 2910; x_wconf 91' lang='lat' dir='ltr'>et</span> <span class='ocrx_word' id='word_1_128' title='bbox 1729 2864 1793 2932; x_wconf 93' lang='lat' dir='ltr'>pro</span> 
     </span>
     <span class='ocr_line' id='line_1_14' title="bbox 336 2972 1793 3072; baseline -0.003 -21"><span class='ocrx_word' id='word_1_129' title='bbox 336 2980 450 3052; x_wconf 90' lang='lat' dir='ltr'>salute</span> <span class='ocrx_word' id='word_1_130' title='bbox 468 2982 668 3052; x_wconf 89' lang='lat' dir='ltr'>animarum</span> <span class='ocrx_word' id='word_1_131' title='bbox 685 2974 944 3049; x_wconf 82' lang='lat' dir='ltr'>antecessorum</span> <span class='ocrx_word' id='word_1_132' title='bbox 965 2986 1004 3048; x_wconf 89' lang='lat' dir='ltr'>et</span> <span class='ocrx_word' id='word_1_133' title='bbox 1030 2972 1263 3048; x_wconf 77' lang='lat' dir='ltr'>furnellorum</span> <span class='ocrx_word' id='word_1_134' title='bbox 1289 2974 1489 3049; x_wconf 86' lang='lat' dir='ltr'>nostrorum</span> <span class='ocrx_word' id='word_1_135' title='bbox 1508 2977 1651 3072; x_wconf 83' lang='lat' dir='ltr'>Regum</span> <span class='ocrx_word' id='word_1_136' title='bbox 1669 2977 1793 3049; x_wconf 87' lang='lat' dir='ltr'>Scotie</span> 
     </span>
     <span class='ocr_line' id='line_1_15' title="bbox 338 3109 1791 3210; baseline -0.002 -22"><span class='ocrx_word' id='word_1_137' title='bbox 338 3118 573 3189; x_wconf 85' lang='lat' dir='ltr'>Ra&#39;tificamus</span> <span class='ocrx_word' id='word_1_138' title='bbox 598 3116 836 3210; x_wconf 87' lang='lat' dir='ltr'>approbamus</span> <span class='ocrx_word' id='word_1_139' title='bbox 863 3124 901 3185; x_wconf 89' lang='lat' dir='ltr'>et</span> <span class='ocrx_word' id='word_1_140' title='bbox 927 3114 1031 3184; x_wconf 68' lang='lat' dir='ltr'>dictis</span> <span class='ocrx_word' id='word_1_141' title='bbox 1057 3109 1228 3207; x_wconf 87' lang='lat' dir='ltr'>religiolis</span> <span class='ocrx_word' id='word_1_142' title='bbox 1254 3137 1297 3184; x_wconf 89' lang='lat' dir='ltr'>ae</span> <span class='ocrx_word' id='word_1_143' title='bbox 1322 3137 1447 3185; x_wconf 89' lang='lat' dir='ltr'>eorum</span> <span class='ocrx_word' id='word_1_144' title='bbox 1472 3112 1724 3185; x_wconf 86' lang='lat' dir='ltr'>successoribus</span> <span class='ocrx_word' id='word_1_145' title='bbox 1753 3118 1791 3185; x_wconf 90' lang='lat' dir='ltr'>in</span> 
     </span>
     <span class='ocr_line' id='line_1_16' title="bbox 338 3245 1793 3348; baseline 0 -25"><span class='ocrx_word' id='word_1_146' title='bbox 338 3254 487 3326; x_wconf 87' lang='lat' dir='ltr'>liberam</span> <span class='ocrx_word' id='word_1_147' title='bbox 503 3276 630 3348; x_wconf 91' lang='lat' dir='ltr'>puram</span> <span class='ocrx_word' id='word_1_148' title='bbox 648 3262 687 3322; x_wconf 88' lang='lat' dir='ltr'>et</span> <span class='ocrx_word' id='word_1_149' title='bbox 712 3261 922 3345; x_wconf 87' lang='lat' dir='ltr'>perpetuam</span> <span class='ocrx_word' id='word_1_150' title='bbox 950 3245 1178 3321; x_wconf 79' lang='lat' dir='ltr'>elemosinam</span> <span class='ocrx_word' id='word_1_151' title='bbox 1206 3260 1333 3321; x_wconf 89' lang='lat' dir='ltr'>tenore</span> <span class='ocrx_word' id='word_1_152' title='bbox 1357 3248 1533 3344; x_wconf 90' lang='lat' dir='ltr'>presentis</span> <span class='ocrx_word' id='word_1_153' title='bbox 1558 3260 1657 3323; x_wconf 87' lang='lat' dir='ltr'>carte</span> <span class='ocrx_word' id='word_1_154' title='bbox 1674 3250 1793 3323; x_wconf 87' lang='lat' dir='ltr'>nostre</span> 
     </span>
    </p>

    <p class='ocr_par' dir='ltr' id='par_1_4' title="bbox 228 3382 1794 3759">
     <span class='ocr_line' id='line_1_17' title="bbox 228 3382 1793 3491; baseline -0.002 -29"><span class='ocrx_word' id='word_1_155' title='bbox 228 3482 232 3491; x_wconf 28' lang='lat'>¹</span> <span class='ocrx_word' id='word_1_156' title='bbox 338 3391 522 3485; x_wconf 86' lang='lat' dir='ltr'>pronubis</span> <span class='ocrx_word' id='word_1_157' title='bbox 547 3402 585 3461; x_wconf 91' lang='lat' dir='ltr'>et</span> <span class='ocrx_word' id='word_1_158' title='bbox 613 3389 804 3461; x_wconf 88' lang='lat' dir='ltr'>heredibus</span> <span class='ocrx_word' id='word_1_159' title='bbox 831 3382 959 3458; x_wconf 86' lang='lat' dir='ltr'>nostris</span> <span class='ocrx_word' id='word_1_160' title='bbox 975 3388 1013 3456; x_wconf 92' lang='lat' dir='ltr'>in</span> <span class='ocrx_word' id='word_1_161' title='bbox 1039 3395 1254 3479; x_wconf 86' lang='lat' dir='ltr'>perpetuum</span> <span class='ocrx_word' id='word_1_162' title='bbox 1274 3388 1527 3459; x_wconf 87' lang='lat' dir='ltr'>confirmamus</span> <span class='ocrx_word' id='word_1_163' title='bbox 1544 3388 1654 3459; x_wconf 85' lang='lat' dir='ltr'>Salva</span> <span class='ocrx_word' id='word_1_164' title='bbox 1670 3399 1793 3460; x_wconf 86' lang='lat' dir='ltr'>tamen</span> 
     </span>
     <span class='ocr_line' id='line_1_18' title="bbox 338 3521 1794 3624; baseline -0.002 -24"><span class='ocrx_word' id='word_1_165' title='bbox 338 3532 439 3624; x_wconf 91' lang='lat' dir='ltr'>regni</span> <span class='ocrx_word' id='word_1_166' title='bbox 454 3525 563 3599; x_wconf 87' lang='lat' dir='ltr'>nostri</span> <span class='ocrx_word' id='word_1_167' title='bbox 577 3521 782 3598; x_wconf 82' lang='lat' dir='ltr'>defensione</span> <span class='ocrx_word' id='word_1_168' title='bbox 800 3534 908 3618; x_wconf 93' lang='lat' dir='ltr'>prout</span> <span class='ocrx_word' id='word_1_169' title='bbox 921 3526 958 3594; x_wconf 89' lang='lat' dir='ltr'>in</span> <span class='ocrx_word' id='word_1_170' title='bbox 976 3524 1102 3596; x_wconf 87' lang='lat' dir='ltr'>eadem</span> <span class='ocrx_word' id='word_1_171' title='bbox 1121 3532 1220 3596; x_wconf 89' lang='lat' dir='ltr'>carta</span> <span class='ocrx_word' id='word_1_172' title='bbox 1234 3525 1499 3597; x_wconf 86' lang='lat' dir='ltr'>confirmatoria</span> <span class='ocrx_word' id='word_1_173' title='bbox 1515 3525 1646 3597; x_wconf 89' lang='lat' dir='ltr'>clarius</span> <span class='ocrx_word' id='word_1_174' title='bbox 1662 3521 1715 3597; x_wconf 84' lang='lat' dir='ltr'>est</span> <span class='ocrx_word' id='word_1_175' title='bbox 1732 3550 1794 3597; x_wconf 83' lang='lat' dir='ltr'>ex-</span> 
     </span>
     <span class='ocr_line' id='line_1_19' title="bbox 338 3656 1794 3759; baseline -0.001 -22"><span class='ocrx_word' id='word_1_176' title='bbox 338 3661 491 3759; x_wconf 83' lang='lat' dir='ltr'>pressum</span> <span class='ocrx_word' id='word_1_177' title='bbox 515 3684 527 3737; x_wconf 77' lang='grc'>1</span> <span class='ocrx_word' id='word_1_178' title='bbox 552 3663 598 3736; x_wconf 90' lang='lat' dir='ltr'>In</span> <span class='ocrx_word' id='word_1_179' title='bbox 615 3665 717 3735; x_wconf 88' lang='lat' dir='ltr'>euius</span> <span class='ocrx_word' id='word_1_180' title='bbox 737 3663 788 3735; x_wconf 91' lang='lat' dir='ltr'>rei</span> <span class='ocrx_word' id='word_1_181' title='bbox 806 3658 1050 3733; x_wconf 88' lang='lat' dir='ltr'>testimouium</span> <span class='ocrx_word' id='word_1_182' title='bbox 1073 3656 1229 3754; x_wconf 89' lang='lat' dir='ltr'>presenti</span> <span class='ocrx_word' id='word_1_183' title='bbox 1253 3670 1351 3732; x_wconf 87' lang='lat' dir='ltr'>carte</span> <span class='ocrx_word' id='word_1_184' title='bbox 1368 3662 1649 3734; x_wconf 87' lang='lat' dir='ltr'>confirmationis</span> <span class='ocrx_word' id='word_1_185' title='bbox 1674 3660 1794 3735; x_wconf 87' lang='lat' dir='ltr'>nostre</span> 
     </span>
    </p>
   </div>
   <div class='ocr_carea' id='block_1_4' title="bbox 339 3794 1794 4442">
    <p class='ocr_par' dir='ltr' id='par_1_5' title="bbox 339 3794 1794 4442">
     <span class='ocr_line' id='line_1_20' title="bbox 339 3794 1793 3896; baseline -0.003 -22"><span class='ocrx_word' id='word_1_186' title='bbox 339 3801 498 3875; x_wconf 88' lang='lat' dir='ltr'>nostrum</span> <span class='ocrx_word' id='word_1_187' title='bbox 515 3822 687 3896; x_wconf 87' lang='lat' dir='ltr'>magnum</span> <span class='ocrx_word' id='word_1_188' title='bbox 704 3795 858 3893; x_wconf 84' lang='lat' dir='ltr'>sigillum</span> <span class='ocrx_word' id='word_1_189' title='bbox 876 3799 1005 3891; x_wconf 88' lang='lat' dir='ltr'>apponi</span> <span class='ocrx_word' id='word_1_190' title='bbox 1028 3796 1254 3890; x_wconf 87' lang='lat' dir='ltr'>precepimus</span> <span class='ocrx_word' id='word_1_191' title='bbox 1288 3794 1454 3869; x_wconf 82' lang='lat' dir='ltr'>Testibus</span> <span class='ocrx_word' id='word_1_192' title='bbox 1475 3798 1739 3871; x_wconf 79' lang='lat' dir='ltr'>venerabilibus</span> <span class='ocrx_word' id='word_1_193' title='bbox 1755 3803 1793 3870; x_wconf 93' lang='lat' dir='ltr'>in</span> 
     </span>
     <span class='ocr_line' id='line_1_21' title="bbox 340 3906 1794 4033; baseline -0.004 -21"><span class='ocrx_word' id='word_1_194' title='bbox 340 3937 481 4012; x_wconf 86' lang='lat' dir='ltr'>Christo</span> <span class='ocrx_word' id='word_1_195' title='bbox 505 3940 665 4033; x_wconf 88' lang='lat' dir='ltr'>patribus</span> <span class='ocrx_word' id='word_1_196' title='bbox 689 3906 856 4009; x_wconf 86' lang='lat' dir='ltr'>Waltero</span> <span class='ocrx_word' id='word_1_197' title='bbox 882 3944 920 4007; x_wconf 88' lang='lat' dir='ltr'>et</span> <span class='ocrx_word' id='word_1_198' title='bbox 947 3934 1100 4007; x_wconf 86' lang='lat' dir='ltr'>Matheo</span> <span class='ocrx_word' id='word_1_199' title='bbox 1126 3936 1184 4006; x_wconf 90' lang='lat' dir='ltr'>dei</span> <span class='ocrx_word' id='word_1_200' title='bbox 1209 3936 1326 4029; x_wconf 86' lang='lat' dir='ltr'>gratia</span> <span class='ocrx_word' id='word_1_201' title='bbox 1345 3933 1602 4008; x_wconf 74' lang='lat' dir='ltr'>SanRiandree</span> <span class='ocrx_word' id='word_1_202' title='bbox 1627 3943 1666 4008; x_wconf 88' lang='lat' dir='ltr'>et</span> <span class='ocrx_word' id='word_1_203' title='bbox 1692 3934 1794 4008; x_wconf 90' lang='lat' dir='ltr'>Glas·</span> 
     </span>
     <span class='ocr_line' id='line_1_22' title="bbox 339 4069 1792 4173; baseline -0.005 -23"><span class='ocrx_word' id='word_1_204' title='bbox 339 4076 480 4173; x_wconf 83' lang='lat' dir='ltr'>guensrs</span> <span class='ocrx_word' id='word_1_205' title='bbox 507 4071 736 4149; x_wconf 77' lang='lat' dir='ltr'>ecclesiarum</span> <span class='ocrx_word' id='word_1_206' title='bbox 763 4070 946 4166; x_wconf 88' lang='lat' dir='ltr'>Episcopis</span> <span class='ocrx_word' id='word_1_207' title='bbox 963 4111 971 4128; x_wconf 92' lang='lat'><strong>·</strong></span> <span class='ocrx_word' id='word_1_208' title='bbox 989 4070 1151 4144; x_wconf 88' lang='lat' dir='ltr'>Roberto</span> <span class='ocrx_word' id='word_1_209' title='bbox 1178 4072 1312 4142; x_wconf 89' lang='lat' dir='ltr'>comite</span> <span class='ocrx_word' id='word_1_210' title='bbox 1335 4069 1381 4142; x_wconf 87' lang='lat' dir='ltr'>dc</span> <span class='ocrx_word' id='word_1_211' title='bbox 1403 4069 1474 4164; x_wconf 84' lang='lat' dir='ltr'>fyff</span> <span class='ocrx_word' id='word_1_212' title='bbox 1492 4080 1532 4142; x_wconf 88' lang='lat' dir='ltr'>et</span> <span class='ocrx_word' id='word_1_213' title='bbox 1555 4070 1600 4141; x_wconf 89' lang='lat' dir='ltr'>de</span> <span class='ocrx_word' id='word_1_214' title='bbox 1619 4070 1792 4143; x_wconf 87' lang='lat' dir='ltr'>Menteth</span> 
     </span>
     <span class='ocr_line' id='line_1_23' title="bbox 339 4205 1794 4304; baseline -0.005 -18"><span class='ocrx_word' id='word_1_215' title='bbox 339 4218 449 4287; x_wconf 87' lang='lat' dir='ltr'>fratre</span> <span class='ocrx_word' id='word_1_216' title='bbox 475 4210 595 4284; x_wconf 87' lang='lat' dir='ltr'>nostro</span> <span class='ocrx_word' id='word_1_217' title='bbox 621 4205 796 4284; x_wconf 76' lang='lat' dir='ltr'>carissimo</span> <span class='ocrx_word' id='word_1_218' title='bbox 813 4246 821 4266; x_wconf 91' lang='lat'><strong>·</strong></span> <span class='ocrx_word' id='word_1_219' title='bbox 845 4208 1074 4282; x_wconf 88' lang='lat' dir='ltr'>Archebaldo</span> <span class='ocrx_word' id='word_1_220' title='bbox 1101 4210 1234 4281; x_wconf 87' lang='lat' dir='ltr'>comite</span> <span class='ocrx_word' id='word_1_221' title='bbox 1255 4209 1300 4279; x_wconf 94' lang='lat' dir='ltr'>de</span> <span class='ocrx_word' id='word_1_222' title='bbox 1321 4207 1471 4304; x_wconf 85' lang='lat' dir='ltr'>douglas</span> <span class='ocrx_word' id='word_1_223' title='bbox 1487 4216 1526 4279; x_wconf 88' lang='lat' dir='ltr'>et</span> <span class='ocrx_word' id='word_1_224' title='bbox 1544 4208 1689 4278; x_wconf 90' lang='lat' dir='ltr'>domino</span> <span class='ocrx_word' id='word_1_225' title='bbox 1706 4209 1794 4281; x_wconf 86' lang='lat' dir='ltr'>Gal-</span> 
     </span>
     <span class='ocr_line' id='line_1_24' title="bbox 340 4341 1793 4442; baseline -0.004 -19"><span class='ocrx_word' id='word_1_226' title='bbox 340 4355 472 4425; x_wconf 74' lang='lat' dir='ltr'>widiel</span> <span class='ocrx_word' id='word_1_227' title='bbox 488 4350 625 4423; x_wconf 85' lang='lat' dir='ltr'>Jacobo</span> <span class='ocrx_word' id='word_1_228' title='bbox 646 4350 691 4420; x_wconf 90' lang='lat' dir='ltr'>de</span> <span class='ocrx_word' id='word_1_229' title='bbox 710 4346 859 4442; x_wconf 89' lang='lat' dir='ltr'>douglas</span> <span class='ocrx_word' id='word_1_230' title='bbox 885 4346 1030 4417; x_wconf 88' lang='lat' dir='ltr'>domino</span> <span class='ocrx_word' id='word_1_231' title='bbox 1056 4347 1101 4418; x_wconf 87' lang='lat' dir='ltr'>de</span> <span class='ocrx_word' id='word_1_232' title='bbox 1127 4345 1277 4419; x_wconf 89' lang='lat' dir='ltr'>dalketh</span> <span class='ocrx_word' id='word_1_233' title='bbox 1304 4385 1312 4403; x_wconf 91' lang='lat'><strong>·</strong></span> <span class='ocrx_word' id='word_1_234' title='bbox 1339 4346 1465 4416; x_wconf 90' lang='lat' dir='ltr'>thoma</span> <span class='ocrx_word' id='word_1_235' title='bbox 1481 4345 1527 4415; x_wconf 89' lang='lat' dir='ltr'>da</span> <span class='ocrx_word' id='word_1_236' title='bbox 1553 4341 1691 4438; x_wconf 79' lang='lat' dir='ltr'>Erssryn</span> <span class='ocrx_word' id='word_1_237' title='bbox 1709 4370 1793 4432; x_wconf 67' lang='lat' dir='ltr'>con-,</span> 
     </span>
    </p>
   </div>
   <div class='ocr_carea' id='block_1_5' title="bbox 339 4482 1794 4859">
    <p class='ocr_par' dir='ltr' id='par_1_6' title="bbox 339 4482 1794 4859">
     <span class='ocr_line' id='line_1_25' title="bbox 339 4482 1794 4585; baseline -0.007 -22"><span class='ocrx_word' id='word_1_238' title='bbox 339 4489 542 4585; x_wconf 83' lang='lat' dir='ltr'>sanguineis</span> <span class='ocrx_word' id='word_1_239' title='bbox 559 4482 687 4558; x_wconf 88' lang='lat' dir='ltr'>nostris</span> <span class='ocrx_word' id='word_1_240' title='bbox 705 4485 843 4556; x_wconf 77' lang='lat' dir='ltr'>dilettis</span> <span class='ocrx_word' id='word_1_241' title='bbox 868 4483 1044 4555; x_wconf 90' lang='lat' dir='ltr'>militibus</span> <span class='ocrx_word' id='word_1_242' title='bbox 1062 4492 1100 4555; x_wconf 86' lang='lat' dir='ltr'>et</span> <span class='ocrx_word' id='word_1_243' title='bbox 1127 4482 1338 4554; x_wconf 85' lang='lat' dir='ltr'>Alexandro</span> <span class='ocrx_word' id='word_1_244' title='bbox 1355 4483 1401 4553; x_wconf 87' lang='lat' dir='ltr'>dc</span> <span class='ocrx_word' id='word_1_245' title='bbox 1421 4483 1606 4556; x_wconf 87' lang='lat' dir='ltr'>cohbume</span> <span class='ocrx_word' id='word_1_246' title='bbox 1623 4483 1668 4555; x_wconf 90' lang='lat' dir='ltr'>da</span> <span class='ocrx_word' id='word_1_247' title='bbox 1694 4484 1794 4578; x_wconf 87' lang='lat' dir='ltr'>lang-</span> 
     </span>
     <span class='ocr_line' id='line_1_26' title="bbox 341 4614 1791 4729; baseline -0.007 -30"><span class='ocrx_word' id='word_1_248' title='bbox 341 4642 451 4699; x_wconf 88' lang='lat' dir='ltr'>toune</span> <span class='ocrx_word' id='word_1_249' title='bbox 478 4622 636 4729; x_wconf 66' lang='lat' dir='ltr'>Qostode</span> <span class='ocrx_word' id='word_1_250' title='bbox 664 4622 786 4717; x_wconf 88' lang='lat' dir='ltr'>magni</span> <span class='ocrx_word' id='word_1_251' title='bbox 815 4615 919 4714; x_wconf 80' lang='lat' dir='ltr'>sigilli</span> <span class='ocrx_word' id='word_1_252' title='bbox 945 4614 1053 4690; x_wconf 86' lang='lat' dir='ltr'>nostri</span> <span class='ocrx_word' id='word_1_253' title='bbox 1072 4662 1080 4678; x_wconf 92' lang='lat'><strong>·</strong></span> <span class='ocrx_word' id='word_1_254' title='bbox 1098 4621 1209 4715; x_wconf 88' lang='lat' dir='ltr'>Apud</span> <span class='ocrx_word' id='word_1_255' title='bbox 1228 4619 1377 4693; x_wconf 83' lang='lat' dir='ltr'>Rensrw</span> <span class='ocrx_word' id='word_1_256' title='bbox 1395 4621 1606 4694; x_wconf 86' lang='lat' dir='ltr'>duodecimo</span> <span class='ocrx_word' id='word_1_257' title='bbox 1624 4622 1683 4692; x_wconf 89' lang='lat' dir='ltr'>die</span> <span class='ocrx_word' id='word_1_258' title='bbox 1702 4620 1791 4714; x_wconf 89' lang='lat' dir='ltr'>Maij</span> 
     </span>
     <span class='ocr_line' id='line_1_27' title="bbox 340 4755 928 4859; baseline -0.017 -23"><span class='ocrx_word' id='word_1_259' title='bbox 340 4766 450 4838; x_wconf 89' lang='lat' dir='ltr'>Anno</span> <span class='ocrx_word' id='word_1_260' title='bbox 468 4764 585 4859; x_wconf 84' lang='lat' dir='ltr'>Regni</span> <span class='ocrx_word' id='word_1_261' title='bbox 605 4757 730 4832; x_wconf 87' lang='lat' dir='ltr'>Nostri</span> <span class='ocrx_word' id='word_1_262' title='bbox 747 4755 903 4830; x_wconf 88' lang='lat' dir='ltr'>secundo</span> <span class='ocrx_word' id='word_1_263' title='bbox 921 4799 928 4814; x_wconf 92' lang='lat'><strong>·</strong></span> 
     </span>
    </p>
   </div>
   <div class='ocr_carea' id='block_1_6' title="bbox 0 0 2468 6500">
    <p class='ocr_par' dir='ltr' id='par_1_7' title="bbox 0 0 2468 6500">
     <span class='ocr_line' id='line_1_28' title="bbox 0 0 2468 6500; baseline 0 0"><span class='ocrx_word' id='word_1_264' title='bbox 0 0 2468 6500; x_wconf 95' lang='lat' dir='ltr'> </span> 
     </span>
    </p>
   </div>
  </div>
 </body>
</html>
