4917 6509
335 800 510 855 nnuuso.
526 805 567 854 11.
750 781 788 853 S.
812 776 1108 853 TRINITATIS
1135 776 1204 849 DE
1231 776 1377 849 SCON.
1715 784 1782 855 179

334 983 513 1076 legittime
530 978 725 1053 ostenderit
743 985 825 1053 cora
841 978 937 1052 dieto
954 978 1025 1049 diro
1041 985 1108 1049 nio
1130 976 1232 1072 Rege
1248 973 1417 1048 sufficiete
1433 978 1591 1069 quiteria
1615 986 1653 1048 et
1678 976 1782 1071 legit

333 1122 423 1192 timi
437 1120 643 1212 pbaobnem
659 1119 784 1191 feeerit
801 1140 909 1211 quare
925 1116 1101 1210 predium
1126 1114 1246 1187 firmas
1271 1112 1408 1186 soluere
1434 1138 1507 1185 non
1524 1115 1672 1187 deberet
1695 1114 1782 1186 Dat*

333 1266 371 1329 et
397 1266 552 1369 extruet*
569 1257 613 1329 de
635 1253 798 1352 Registro
824 1281 848 1348 p
873 1278 931 1325 me
956 1253 1122 1325 Johanne
1141 1251 1300 1324 Seheues
1325 1252 1508 1324 Clericum
1536 1252 1717 1323 Rotulon'r
1743 1262 1781 1323 et

334 1392 488 1491 Registri
501 1391 786 1467 excellentiffimi
799 1394 939 1491 pnoipis
953 1402 991 1463 et
1005 1389 1068 1462 diii
1081 1390 1142 1462 ddi
1156 1391 1179 1462 J
1182 1392 1283 1463 aoobi
1297 1388 1441 1463 secundi
1455 1389 1525 1461 Dei
1542 1392 1661 1485 gracia
1673 1390 1783 1485 Regis

335 1534 489 1608 Sooton‘r
506 1530 726 1605 illustriffimi
744 1534 839 1627 apud
866 1528 977 1602 Perih
1002 1528 1066 1602 sub
1092 1524 1297 1601 testimonio
1312 1531 1384 1601 mei
1406 1527 1525 1624 Sigilli
1542 1528 1652 1600 Anno
1670 1528 1728 1599 die
1745 1539 1782 1599 et

334 1671 427 1745 mese
445 1654 607 1767 Bioriptis
636 1668 831 1763 Quodquid
848 1668 983 1741 Astum
1000 1663 1074 1739 fine
1091 1668 1277 1739 decretum
1294 1691 1336 1764 ae
1353 1669 1474 1737 omnia
1489 1678 1514 1735 “u
1531 1661 1669 1761 fingula
1685 1668 1722 1736 in
1740 1690 1783 1737 eo

335 1820 507 1884 contenta
524 1813 560 1883 in
578 1810 720 1881 offiibus
740 1806 810 1879 suis
836 1806 977 1900 pundis
1001 1814 1038 1875 et
1062 1803 1238 1876 Articulis
1261 1804 1527 1875 condicionibus
1551 1815 1589 1874 et
1609 1804 1724 1874 modis
1741 1828 1782 1875 ao

336 1945 558 2021 e'eirstaneiis
576 1946 648 2017 suis
664 1944 870 2041 quibusor’rqs
895 1944 1008 2014 forma
1031 1943 1126 2033 piter
1143 1952 1181 2012 et
1198 1941 1327 2013 effettu
1351 1942 1386 2011 in
1411 1942 1553 2012 omibus
1578 1950 1616 2012 et
1638 1966 1663 2033 p
1688 1947 1784 2013 or'r'ria

334 2082 570 2175 approbamus
588 2080 823 2153 Ratifioamus
840 2090 877 2152 et
894 2104 958 2173 pro
976 2080 1077 2151 nobis
1095 2088 1134 2151 et
1150 2077 1400 2151 suceeisoribus
1424 2080 1499 2150 niis
1516 2091 1556 2151 vt
1580 2062 1713 2175 Bmiflir
1730 2078 1782 2151 est

335 2220 586 2292 confirmamus
603 2219 723 2304 Quare
740 2188 874 2291 miiifis
892 2230 930 2291 et
947 2214 1069 2315 fingiis
1090 2218 1184 2313 ligijs
1209 2229 1248 2289 et
1272 2215 1414 2295 subdite
1438 2219 1512 2288 niis
1537 2224 1650 2311 quorr'r
1667 2191 1783 2289 intest

336 2357 392 2429 vel
410 2328 543 2429 inieffe
559 2326 660 2450 popit
678 2352 796 2427 striue
812 2338 976 2451 {icipiedo
1002 2359 1188 2429 midamus
1211 2354 1316 2451 qnats
1341 2359 1379 2427 in
1397 2359 1577 2428 contrariu
1595 2356 1680 2426 diui
1697 2355 1782 2427 Atti

338 2493 410 2567 fiue
427 2496 563 2567 decreti
580 2494 788 2567 nullatenus
806 2494 975 2566 deuenire
1000 2479 1159 2588 p⁹sumit
1184 2492 1248 2565 sub
1274 2495 1345 2565 offri
1372 2517 1465 2588 pena
1489 2516 1559 2586 que
1579 2504 1783 2586 competere

335 2635 468 2727 poterit
485 2636 524 2705 in
540 2633 607 2705 hae
624 2642 726 2726 parte
745 2632 833 2704 Dat*
851 2630 914 2703 sub
931 2628 1149 2704 Testimonio
1168 2632 1297 2728 Magni
1321 2632 1440 2728 Sigilli
1465 2635 1521 2704 nii
1547 2632 1642 2725 apud
1668 2629 1781 2702 Perth

337 2774 549 2843 duodecimo
566 2771 624 2842 die
641 2766 770 2842 meniis
788 2770 879 2864 Maij
898 2771 1008 2843 Anno
1026 2769 1143 2867 Regni
1162 2766 1270 2842 nostri
1289 2773 1555 2863 decimoquarto
1574 2812 1581 2826 ·

297 3371 304 3386 ·
340 3332 378 3393 et
395 3319 550 3416 aplioam
566 3318 638 3393 bed
654 3316 824 3391 Honestis
841 3317 1040 3414 supplicum
1057 3322 1152 3392 uotis
1169 3321 1324 3392 libenter
1340 3323 1530 3393 annuimus
1541 3344 1552 3392 t
1565 3343 1641 3415 eaq„
1657 3323 1786 3393 fauori-

341 3463 407 3532 bus
432 3457 678 3554 prosequimur
703 3460 912 3552 oportunis·
931 3457 1104 3529 Exhibita
1128 3453 1302 3551 fiquidem
1327 3458 1430 3531 uobis
1455 3482 1570 3553 nuper
1594 3481 1658 3553 pro
1683 3469 1786 3553 purte

342 3598 462 3670 dileui
479 3596 543 3690 filij
560 3596 697 3668 Thome
714 3594 870 3667 Abbatis
887 3590 1094 3688 monasterij
1113 3596 1158 3666 de
1174 3594 1294 3667 Souna
1310 3598 1443 3668 ordinis
1459 3594 1571 3670 sandei
1591 3594 1787 3693 Augustini

344 3736 599 3809 Santtiandree
616 3736 698 3806 diod
714 3735 843 3827 petitio
868 3734 1077 3805 continebat
1101 3754 1111 3798 t
1133 3731 1183 3826 qd
1205 3734 1292 3805 alias
1316 3734 1466 3807 dilettus
1489 3736 1585 3808 filius
1610 3737 1787 3831 Georgius

344 3876 530 3949 Gardener
550 3873 753 3947 Canonions
770 3873 856 3943 diui
873 3868 1080 3964 monasterij
1102 3892 1113 3943 r
1138 3866 1289 3953 afferens
1313 3875 1433 3944 minus
1457 3876 1634 3946 ueraciter
1650 3871 1715 3945 fibi
1732 3877 1787 3945 ius

343 4018 380 4085 in
398 4014 573 4108 regimine
590 4022 629 4083 et
645 4007 950 4082 administratione
968 4006 1126 4081 eiusdem
1142 4007 1341 4104 monasterij
1359 4007 1419 4082 seu
1436 4013 1481 4083 ad
1500 4036 1543 4083 ea
1559 4023 1762 4105 competere
1777 4036 1788 4082 s

343 4174 406 4247 pro
423 4149 639 4223 redimendis
656 4148 908 4220 uexationibus
925 4156 963 4218 et
975 4143 1281 4219 molestationibus
1294 4149 1424 4241 quibus
1441 4160 1529 4221 tuno
1541 4159 1583 4220 ut
1596 4153 1788 4243 apparebat

344 4286 504 4361 infistere
517 4287 700 4359 nitebatur
714 4306 725 4357 s
743 4294 780 4356 et
793 4309 841 4356 ne
853 4287 962 4357 etiam
975 4280 1235 4368 musterium
1248 4287 1324 4381 ipm
1335 4306 1348 4357 s
1359 4283 1542 4359 oeoafione
1553 4289 1787 4361 uexationem

345 4438 383 4499 et
408 4421 697 4497 molestationum
723 4422 907 4493 hni9modi
933 4420 1156 4516 dispendium
1179 4431 1389 4515 pateretur!
1404 4420 1468 4495 fibi
1495 4434 1594 4495 certa
1619 4426 1789 4497 uidelicet

345 4591 391 4639 ex
409 4567 513 4637 terris
528 4563 640 4634 firmis
666 4572 704 4633 et
729 4562 876 4631 decimis
902 4560 985 4631 ville
1010 4562 1056 4631 de
1082 4559 1170 4654 Lyff
1188 4559 1434 4657 Quadraginta
1458 4561 1575 4649 libran
1601 4570 1718 4634 necno
1744 4586 1789 4633 ex

346 4705 449 4775 terris
474 4702 519 4773 de
546 4700 701 4773 Nechtir
725 4697 840 4769 Golan
866 4697 1062 4793 uulgariter
1087 4702 1304 4792 nunoupatis
1326 4721 1338 4770 s
1362 4722 1445 4772 eum
1471 4701 1611 4771 decima
1643 4700 1789 4772 Garbali

347 4837 503 4913 eiusdem
520 4840 563 4911 ud
581 4837 778 4932 predittum
796 4833 1047 4911 <nonasterium
1065 4836 1226 4931 legitime
1252 4838 1514 4929 pertinentibus
1532 4836 1605 4909 Sex
1623 4838 1790 4923 marchen

346 4987 492 5053 monete
509 4973 639 5049 usualis
657 4972 773 5069 Regni
792 4973 915 5047 Sootie
932 4998 1052 5047 annua
1073 4968 1194 5068 peniio
1212 4975 1245 5044 ei
1265 4969 1410 5069 singulis
1433 4976 1535 5046 annis
1560 4974 1793 5069 persoluenda
