<?xml version="1.0" encoding="UTF-8"?>
<!DOCTYPE html PUBLIC "-//W3C//DTD XHTML 1.0 Transitional//EN"
    "http://www.w3.org/TR/xhtml1/DTD/xhtml1-transitional.dtd">
<html xmlns="http://www.w3.org/1999/xhtml" xml:lang="en" lang="en">
 <head>
  <title>
</title>
<meta http-equiv="Content-Type" content="text/html;charset=utf-8" />
  <meta name='ocr-system' content='tesseract 3.04.00' />
  <meta name='ocr-capabilities' content='ocr_page ocr_carea ocr_par ocr_line ocrx_word'/>
</head>
<body>
  <div class='ocr_page' id='page_1' title='image "./liberecclesiede00abbegoog_0246.png"; bbox 0 0 4917 6509; ppageno 0'>
   <div class='ocr_carea' id='block_1_1' title="bbox 715 890 2157 972">
    <p class='ocr_par' dir='ltr' id='par_1_1' title="bbox 715 890 2157 972">
     <span class='ocr_line' id='line_1_1' title="bbox 715 890 2157 972; baseline -0.001 -9"><span class='ocrx_word' id='word_1_1' title='bbox 715 899 784 972; x_wconf 82' lang='lat'>190</span> <span class='ocrx_word' id='word_1_2' title='bbox 1224 894 1381 967; x_wconf 84' lang='lat' dir='ltr'>LIBER</span> <span class='ocrx_word' id='word_1_3' title='bbox 1406 890 1652 967; x_wconf 85' lang='lat' dir='ltr'>EOCLESIE</span> <span class='ocrx_word' id='word_1_4' title='bbox 2002 912 2077 963; x_wconf 82' lang='lat' dir='ltr'>suo.</span> <span class='ocrx_word' id='word_1_5' title='bbox 2092 912 2157 962; x_wconf 85' lang='lat' dir='ltr'>xv.</span> 
     </span>
    </p>
   </div>
   <div class='ocr_carea' id='block_1_2' title="bbox 712 1090 2162 3807">
    <p class='ocr_par' dir='ltr' id='par_1_2' title="bbox 712 1090 2162 3807">
     <span class='ocr_line' id='line_1_2' title="bbox 712 1090 2159 1188; baseline -0.002 -21"><span class='ocrx_word' id='word_1_6' title='bbox 712 1096 935 1187; x_wconf 77' lang='lat' dir='ltr'>querelarum</span> <span class='ocrx_word' id='word_1_7' title='bbox 967 1104 1006 1167; x_wconf 90' lang='lat' dir='ltr'>et</span> <span class='ocrx_word' id='word_1_8' title='bbox 1034 1098 1079 1168; x_wconf 86' lang='lat' dir='ltr'>ad</span> <span class='ocrx_word' id='word_1_9' title='bbox 1110 1094 1325 1169; x_wconf 85' lang='lat' dir='ltr'>decisionem</span> <span class='ocrx_word' id='word_1_10' title='bbox 1354 1092 1537 1169; x_wconf 88' lang='lat' dir='ltr'>causarum</span> <span class='ocrx_word' id='word_1_11' title='bbox 1565 1091 1765 1188; x_wconf 77' lang='lat' dir='ltr'>specialiter</span> <span class='ocrx_word' id='word_1_12' title='bbox 1791 1092 1915 1164; x_wconf 63' lang='lat' dir='ltr'>cledis</span> <span class='ocrx_word' id='word_1_13' title='bbox 1942 1090 1988 1163; x_wconf 88' lang='lat' dir='ltr'>In</span> <span class='ocrx_word' id='word_1_14' title='bbox 2015 1092 2159 1185; x_wconf 86' lang='lat' dir='ltr'>querela</span> 
     </span>
     <span class='ocr_line' id='line_1_3' title="bbox 712 1228 2159 1327; baseline -0.001 -26"><span class='ocrx_word' id='word_1_15' title='bbox 712 1241 811 1303; x_wconf 84' lang='lat' dir='ltr'>mota</span> <span class='ocrx_word' id='word_1_16' title='bbox 827 1241 865 1302; x_wconf 90' lang='lat' dir='ltr'>et</span> <span class='ocrx_word' id='word_1_17' title='bbox 883 1229 1044 1327; x_wconf 85' lang='lat' dir='ltr'>expositu</span> <span class='ocrx_word' id='word_1_18' title='bbox 1061 1258 1124 1327; x_wconf 89' lang='lat' dir='ltr'>per</span> <span class='ocrx_word' id='word_1_19' title='bbox 1138 1232 1396 1307; x_wconf 85' lang='lat' dir='ltr'>Venerabilem</span> <span class='ocrx_word' id='word_1_20' title='bbox 1412 1241 1552 1326; x_wconf 89' lang='lat' dir='ltr'>patrem</span> <span class='ocrx_word' id='word_1_21' title='bbox 1568 1232 1606 1301; x_wconf 90' lang='lat' dir='ltr'>in</span> <span class='ocrx_word' id='word_1_22' title='bbox 1623 1228 1765 1303; x_wconf 84' lang='lat' dir='ltr'>Christo</span> <span class='ocrx_word' id='word_1_23' title='bbox 1781 1230 1955 1301; x_wconf 78' lang='lat' dir='ltr'>Thomam</span> <span class='ocrx_word' id='word_1_24' title='bbox 1974 1228 2159 1301; x_wconf 83' lang='lat' dir='ltr'>Abbatem</span> 
     </span>
     <span class='ocr_line' id='line_1_4' title="bbox 712 1368 2160 1466; baseline -0.002 -24"><span class='ocrx_word' id='word_1_25' title='bbox 712 1374 757 1443; x_wconf 92' lang='lat' dir='ltr'>de</span> <span class='ocrx_word' id='word_1_26' title='bbox 778 1372 896 1444; x_wconf 81' lang='lat' dir='ltr'>Scene</span> <span class='ocrx_word' id='word_1_27' title='bbox 921 1370 1039 1466; x_wconf 92' lang='lat' dir='ltr'>prose</span> <span class='ocrx_word' id='word_1_28' title='bbox 1064 1381 1102 1443; x_wconf 91' lang='lat' dir='ltr'>et</span> <span class='ocrx_word' id='word_1_29' title='bbox 1128 1370 1322 1444; x_wconf 85' lang='lat' dir='ltr'>Conveutu</span> <span class='ocrx_word' id='word_1_30' title='bbox 1346 1369 1409 1442; x_wconf 92' lang='lat' dir='ltr'>suo</span> <span class='ocrx_word' id='word_1_31' title='bbox 1434 1380 1560 1443; x_wconf 86' lang='lat' dir='ltr'>contra</span> <span class='ocrx_word' id='word_1_32' title='bbox 1584 1368 1770 1443; x_wconf 88' lang='lat' dir='ltr'>Andream</span> <span class='ocrx_word' id='word_1_33' title='bbox 1794 1370 1980 1441; x_wconf 93' lang='lat' dir='ltr'>dominum</span> <span class='ocrx_word' id='word_1_34' title='bbox 2006 1368 2105 1462; x_wconf 85' lang='lat' dir='ltr'>Gray</span> <span class='ocrx_word' id='word_1_35' title='bbox 2121 1378 2160 1440; x_wconf 87' lang='lat' dir='ltr'>et</span> 
     </span>
     <span class='ocr_line' id='line_1_5' title="bbox 713 1504 2161 1604; baseline -0.002 -25"><span class='ocrx_word' id='word_1_36' title='bbox 713 1510 898 1581; x_wconf 88' lang='lat' dir='ltr'>Andreum</span> <span class='ocrx_word' id='word_1_37' title='bbox 928 1508 1062 1604; x_wconf 86' lang='lat' dir='ltr'>Ogilby</span> <span class='ocrx_word' id='word_1_38' title='bbox 1079 1511 1124 1581; x_wconf 87' lang='lat' dir='ltr'>de</span> <span class='ocrx_word' id='word_1_39' title='bbox 1151 1509 1385 1603; x_wconf 86' lang='lat' dir='ltr'>Iuchmertyu</span> <span class='ocrx_word' id='word_1_40' title='bbox 1410 1510 1564 1581; x_wconf 89' lang='lat' dir='ltr'>militem</span> <span class='ocrx_word' id='word_1_41' title='bbox 1590 1510 1635 1581; x_wconf 90' lang='lat' dir='ltr'>de</span> <span class='ocrx_word' id='word_1_42' title='bbox 1660 1519 1699 1581; x_wconf 87' lang='lat' dir='ltr'>et</span> <span class='ocrx_word' id='word_1_43' title='bbox 1724 1506 1829 1601; x_wconf 89' lang='lat' dir='ltr'>super</span> <span class='ocrx_word' id='word_1_44' title='bbox 1845 1506 2021 1579; x_wconf 89' lang='lat' dir='ltr'>solutione</span> <span class='ocrx_word' id='word_1_45' title='bbox 2046 1504 2161 1601; x_wconf 89' lang='lat' dir='ltr'>cujus-</span> 
     </span>
     <span class='ocr_line' id='line_1_6' title="bbox 714 1644 2162 1741; baseline -0.003 -22"><span class='ocrx_word' id='word_1_46' title='bbox 714 1650 795 1721; x_wconf 88' lang='lat' dir='ltr'>dam</span> <span class='ocrx_word' id='word_1_47' title='bbox 823 1671 911 1720; x_wconf 87' lang='lat' dir='ltr'>cane</span> <span class='ocrx_word' id='word_1_48' title='bbox 939 1648 1060 1719; x_wconf 92' lang='lat' dir='ltr'>debite</span> <span class='ocrx_word' id='word_1_49' title='bbox 1087 1650 1274 1721; x_wconf 80' lang='lat' dir='ltr'><strong>annuatim</strong></span> <span class='ocrx_word' id='word_1_50' title='bbox 1303 1648 1449 1741; x_wconf 85' lang='lat' dir='ltr'>prefatis</span> <span class='ocrx_word' id='word_1_51' title='bbox 1477 1648 1622 1719; x_wconf 89' lang='lat' dir='ltr'>domiuo</span> <span class='ocrx_word' id='word_1_52' title='bbox 1649 1645 1787 1718; x_wconf 81' lang='lat' dir='ltr'><strong>Abbati</strong></span> <span class='ocrx_word' id='word_1_53' title='bbox 1813 1656 1851 1717; x_wconf 89' lang='lat' dir='ltr'>et</span> <span class='ocrx_word' id='word_1_54' title='bbox 1880 1644 2086 1717; x_wconf 84' lang='lat' dir='ltr'>conventui</span> <span class='ocrx_word' id='word_1_55' title='bbox 2115 1646 2162 1716; x_wconf 89' lang='lat' dir='ltr'>de</span> 
     </span>
     <span class='ocr_line' id='line_1_7' title="bbox 714 1780 2160 1880; baseline -0.001 -23"><span class='ocrx_word' id='word_1_56' title='bbox 714 1784 832 1858; x_wconf 86' lang='lat' dir='ltr'>Scona</span> <span class='ocrx_word' id='word_1_57' title='bbox 849 1789 894 1857; x_wconf 93' lang='lat' dir='ltr'>de</span> <span class='ocrx_word' id='word_1_58' title='bbox 912 1788 1015 1858; x_wconf 90' lang='lat' dir='ltr'>terris</span> <span class='ocrx_word' id='word_1_59' title='bbox 1033 1788 1078 1857; x_wconf 92' lang='lat' dir='ltr'>de</span> <span class='ocrx_word' id='word_1_60' title='bbox 1095 1784 1330 1880; x_wconf 87' lang='lat' dir='ltr'>Inchmertyn</span> <span class='ocrx_word' id='word_1_61' title='bbox 1346 1786 1485 1879; x_wconf 85' lang='lat' dir='ltr'>prefato</span> <span class='ocrx_word' id='word_1_62' title='bbox 1511 1786 1656 1856; x_wconf 91' lang='lat' dir='ltr'>domino</span> <span class='ocrx_word' id='word_1_63' title='bbox 1672 1782 1821 1855; x_wconf 86' lang='lat' dir='ltr'>Abbate</span> <span class='ocrx_word' id='word_1_64' title='bbox 1837 1780 2011 1855; x_wconf 88' lang='lat' dir='ltr'>asserente</span> <span class='ocrx_word' id='word_1_65' title='bbox 2028 1783 2160 1855; x_wconf 71' lang='lat' dir='ltr'>diuam</span> 
     </span>
     <span class='ocr_line' id='line_1_8' title="bbox 714 1920 2160 1996; baseline -0.003 -2"><span class='ocrx_word' id='word_1_66' title='bbox 714 1947 839 1995; x_wconf 85' lang='lat' dir='ltr'>canam</span> <span class='ocrx_word' id='word_1_67' title='bbox 864 1948 938 1995; x_wconf 92' lang='lat' dir='ltr'>nou</span> <span class='ocrx_word' id='word_1_68' title='bbox 964 1920 1033 1995; x_wconf 86' lang='lat' dir='ltr'>else</span> <span class='ocrx_word' id='word_1_69' title='bbox 1058 1920 1210 1996; x_wconf 84' lang='lat' dir='ltr'>solutam</span> <span class='ocrx_word' id='word_1_70' title='bbox 1237 1925 1283 1996; x_wconf 90' lang='lat' dir='ltr'>de</span> <span class='ocrx_word' id='word_1_71' title='bbox 1307 1922 1497 1995; x_wconf 89' lang='lat' dir='ltr'>sufficienti</span> <span class='ocrx_word' id='word_1_72' title='bbox 1515 1922 1697 1993; x_wconf 84' lang='lat' dir='ltr'>snrmento</span> <span class='ocrx_word' id='word_1_73' title='bbox 1715 1924 1733 1994; x_wconf 77' lang='grc' dir='ltr'><strong>ἔ</strong></span> <span class='ocrx_word' id='word_1_74' title='bbox 1751 1922 1797 1994; x_wconf 89' lang='lat' dir='ltr'>de</span> <span class='ocrx_word' id='word_1_75' title='bbox 1822 1923 1993 1993; x_wconf 79' lang='lat' dir='ltr'>zizanniis</span> <span class='ocrx_word' id='word_1_76' title='bbox 2017 1930 2057 1991; x_wconf 91' lang='lat' dir='ltr'>et</span> <span class='ocrx_word' id='word_1_77' title='bbox 2080 1920 2160 1993; x_wconf 85' lang='lat' dir='ltr'>aliis</span> 
     </span>
     <span class='ocr_line' id='line_1_9' title="bbox 714 2058 2160 2134; baseline -0.001 -3"><span class='ocrx_word' id='word_1_78' title='bbox 714 2060 963 2134; x_wconf 87' lang='lat' dir='ltr'>Immundiciis</span> <span class='ocrx_word' id='word_1_79' title='bbox 994 2070 1032 2133; x_wconf 91' lang='lat' dir='ltr'>et</span> <span class='ocrx_word' id='word_1_80' title='bbox 1062 2061 1259 2133; x_wconf 88' lang='lat' dir='ltr'>Inutilibus</span> <span class='ocrx_word' id='word_1_81' title='bbox 1284 2058 1477 2133; x_wconf 86' lang='lat' dir='ltr'>seminibus</span> <span class='ocrx_word' id='word_1_82' title='bbox 1507 2061 1622 2132; x_wconf 92' lang='lat' dir='ltr'>Prout</span> <span class='ocrx_word' id='word_1_83' title='bbox 1650 2062 1747 2132; x_wconf 90' lang='lat' dir='ltr'>idem</span> <span class='ocrx_word' id='word_1_84' title='bbox 1778 2062 1944 2131; x_wconf 86' lang='lat' dir='ltr'>dominus</span> <span class='ocrx_word' id='word_1_85' title='bbox 1961 2059 2087 2131; x_wconf 85' lang='lat' dir='ltr'>Abbas</span> <span class='ocrx_word' id='word_1_86' title='bbox 2114 2060 2160 2130; x_wconf 90' lang='lat' dir='ltr'>ad</span> 
     </span>
     <span class='ocr_line' id='line_1_10' title="bbox 714 2196 2160 2293; baseline 0.001 -25"><span class='ocrx_word' id='word_1_87' title='bbox 714 2200 858 2270; x_wconf 91' lang='lat' dir='ltr'>oculum</span> <span class='ocrx_word' id='word_1_88' title='bbox 890 2201 1014 2272; x_wconf 88' lang='lat' dir='ltr'>eadem</span> <span class='ocrx_word' id='word_1_89' title='bbox 1046 2198 1196 2271; x_wconf 85' lang='lat' dir='ltr'>Inutilis</span> <span class='ocrx_word' id='word_1_90' title='bbox 1229 2199 1377 2271; x_wconf 81' lang='lat' dir='ltr'>Semina</span> <span class='ocrx_word' id='word_1_91' title='bbox 1410 2222 1529 2271; x_wconf 89' lang='lat' dir='ltr'>coram</span> <span class='ocrx_word' id='word_1_92' title='bbox 1562 2199 1710 2293; x_wconf 86' lang='lat' dir='ltr'>prefatis</span> <span class='ocrx_word' id='word_1_93' title='bbox 1740 2200 1893 2269; x_wconf 85' lang='lat' dir='ltr'>dominis</span> <span class='ocrx_word' id='word_1_94' title='bbox 1922 2196 2160 2270; x_wconf 83' lang='lat' dir='ltr'>Auditoribus</span> 
     </span>
     <span class='ocr_line' id='line_1_11' title="bbox 715 2332 2160 2431; baseline 0.001 -25"><span class='ocrx_word' id='word_1_95' title='bbox 715 2332 926 2410; x_wconf 87' lang='lat' dir='ltr'>ostendebat</span> <span class='ocrx_word' id='word_1_96' title='bbox 945 2336 1052 2409; x_wconf 90' lang='lat' dir='ltr'>Unde</span> <span class='ocrx_word' id='word_1_97' title='bbox 1070 2339 1198 2431; x_wconf 86' lang='lat' dir='ltr'>prefati</span> <span class='ocrx_word' id='word_1_98' title='bbox 1224 2339 1359 2409; x_wconf 92' lang='lat' dir='ltr'>domini</span> <span class='ocrx_word' id='word_1_99' title='bbox 1384 2338 1565 2408; x_wconf 80' lang='lat' dir='ltr'>auditores</span> <span class='ocrx_word' id='word_1_100' title='bbox 1590 2339 1722 2409; x_wconf 84' lang='lat' dir='ltr'>auditis</span> <span class='ocrx_word' id='word_1_101' title='bbox 1741 2338 1825 2409; x_wconf 75' lang='lat' dir='ltr'>diui</span> <span class='ocrx_word' id='word_1_102' title='bbox 1853 2338 1985 2408; x_wconf 91' lang='lat' dir='ltr'>domiui</span> <span class='ocrx_word' id='word_1_103' title='bbox 2003 2334 2160 2409; x_wconf 87' lang='lat' dir='ltr'>Abbatis</span> 
     </span>
     <span class='ocr_line' id='line_1_12' title="bbox 715 2472 2162 2570; baseline 0.002 -26"><span class='ocrx_word' id='word_1_104' title='bbox 715 2483 753 2544; x_wconf 90' lang='lat' dir='ltr'>et</span> <span class='ocrx_word' id='word_1_105' title='bbox 771 2476 854 2546; x_wconf 70' lang='lat' dir='ltr'>dieti</span> <span class='ocrx_word' id='word_1_106' title='bbox 873 2476 1008 2546; x_wconf 89' lang='lat' dir='ltr'>domini</span> <span class='ocrx_word' id='word_1_107' title='bbox 1026 2475 1174 2547; x_wconf 89' lang='lat' dir='ltr'>Andree</span> <span class='ocrx_word' id='word_1_108' title='bbox 1191 2476 1237 2547; x_wconf 92' lang='lat' dir='ltr'>de</span> <span class='ocrx_word' id='word_1_109' title='bbox 1260 2473 1393 2570; x_wconf 78' lang='lat' dir='ltr'>Ogilby</span> <span class='ocrx_word' id='word_1_110' title='bbox 1409 2498 1473 2569; x_wconf 91' lang='lat' dir='ltr'>pro</span> <span class='ocrx_word' id='word_1_111' title='bbox 1490 2472 1527 2546; x_wconf 89' lang='lat' dir='ltr'>so</span> <span class='ocrx_word' id='word_1_112' title='bbox 1543 2499 1684 2548; x_wconf 77' lang='lat' dir='ltr'>necnon</span> <span class='ocrx_word' id='word_1_113' title='bbox 1701 2477 1850 2547; x_wconf 90' lang='lat' dir='ltr'>Audree</span> <span class='ocrx_word' id='word_1_114' title='bbox 1866 2474 1964 2569; x_wconf 86' lang='lat' dir='ltr'>Gray</span> <span class='ocrx_word' id='word_1_115' title='bbox 1981 2476 2026 2547; x_wconf 93' lang='lat' dir='ltr'>de</span> <span class='ocrx_word' id='word_1_116' title='bbox 2042 2498 2162 2547; x_wconf 88' lang='lat' dir='ltr'>mure·</span> 
     </span>
     <span class='ocr_line' id='line_1_13' title="bbox 714 2607 2160 2710; baseline 0.002 -29"><span class='ocrx_word' id='word_1_117' title='bbox 714 2622 804 2682; x_wconf 90' lang='lat' dir='ltr'>toun</span> <span class='ocrx_word' id='word_1_118' title='bbox 834 2614 1072 2705; x_wconf 81' lang='lat' dir='ltr'>procuratoris</span> <span class='ocrx_word' id='word_1_119' title='bbox 1100 2614 1229 2708; x_wconf 84' lang='lat' dir='ltr'>prefati</span> <span class='ocrx_word' id='word_1_120' title='bbox 1256 2612 1404 2684; x_wconf 88' lang='lat' dir='ltr'>Audree</span> <span class='ocrx_word' id='word_1_121' title='bbox 1429 2614 1565 2685; x_wconf 89' lang='lat' dir='ltr'>domiui</span> <span class='ocrx_word' id='word_1_122' title='bbox 1590 2614 1625 2685; x_wconf 92' lang='lat' dir='ltr'>le</span> <span class='ocrx_word' id='word_1_123' title='bbox 1651 2612 1748 2708; x_wconf 88' lang='lat' dir='ltr'>Gray</span> <span class='ocrx_word' id='word_1_124' title='bbox 1777 2613 2051 2710; x_wconf 79' lang='lat' dir='ltr'>allegationibus</span> <span class='ocrx_word' id='word_1_125' title='bbox 2079 2607 2160 2685; x_wconf 82' lang='lat' dir='ltr'>vifis</span> 
     </span>
     <span class='ocr_line' id='line_1_14' title="bbox 715 2748 2160 2847; baseline 0 -26"><span class='ocrx_word' id='word_1_126' title='bbox 715 2752 824 2821; x_wconf 90' lang='lat' dir='ltr'>etiam</span> <span class='ocrx_word' id='word_1_127' title='bbox 842 2748 1051 2842; x_wconf 86' lang='lat' dir='ltr'>quibusdam</span> <span class='ocrx_word' id='word_1_128' title='bbox 1069 2750 1200 2823; x_wconf 87' lang='lat' dir='ltr'>litteris</span> <span class='ocrx_word' id='word_1_129' title='bbox 1225 2754 1331 2847; x_wconf 82' lang='lat' dir='ltr'>regiis</span> <span class='ocrx_word' id='word_1_130' title='bbox 1356 2775 1419 2845; x_wconf 87' lang='lat' dir='ltr'>pro</span> <span class='ocrx_word' id='word_1_131' title='bbox 1444 2760 1546 2845; x_wconf 86' lang='lat' dir='ltr'>parte</span> <span class='ocrx_word' id='word_1_132' title='bbox 1571 2749 1730 2845; x_wconf 90' lang='lat' dir='ltr'>ejusdem</span> <span class='ocrx_word' id='word_1_133' title='bbox 1755 2754 1890 2824; x_wconf 91' lang='lat' dir='ltr'>domini</span> <span class='ocrx_word' id='word_1_134' title='bbox 1908 2751 2064 2824; x_wconf 86' lang='lat' dir='ltr'>Abbatis</span> <span class='ocrx_word' id='word_1_135' title='bbox 2080 2774 2160 2843; x_wconf 92' lang='lat' dir='ltr'>pro-</span> 
     </span>
     <span class='ocr_line' id='line_1_15' title="bbox 714 2888 2159 2963; baseline 0 -4"><span class='ocrx_word' id='word_1_136' title='bbox 714 2890 829 2959; x_wconf 78' lang='lat' dir='ltr'>duttis</span> <span class='ocrx_word' id='word_1_137' title='bbox 855 2898 893 2959; x_wconf 93' lang='lat' dir='ltr'>et</span> <span class='ocrx_word' id='word_1_138' title='bbox 919 2888 998 2960; x_wconf 87' lang='lat' dir='ltr'>aliis</span> <span class='ocrx_word' id='word_1_139' title='bbox 1022 2888 1172 2961; x_wconf 89' lang='lat' dir='ltr'>Juribus</span> <span class='ocrx_word' id='word_1_140' title='bbox 1197 2900 1235 2962; x_wconf 91' lang='lat' dir='ltr'>et</span> <span class='ocrx_word' id='word_1_141' title='bbox 1260 2892 1494 2961; x_wconf 87' lang='lat' dir='ltr'>munimentis</span> <span class='ocrx_word' id='word_1_142' title='bbox 1511 2888 1582 2961; x_wconf 87' lang='lat' dir='ltr'>suis</span> <span class='ocrx_word' id='word_1_143' title='bbox 1607 2899 1748 2963; x_wconf 89' lang='lat' dir='ltr'>mature</span> <span class='ocrx_word' id='word_1_144' title='bbox 1773 2888 1897 2963; x_wconf 75' lang='lat' dir='ltr'>arisati</span> <span class='ocrx_word' id='word_1_145' title='bbox 1923 2891 2159 2962; x_wconf 84' lang='lat' dir='ltr'>decreverunt</span> 
     </span>
     <span class='ocr_line' id='line_1_16' title="bbox 714 3022 2161 3119; baseline 0.002 -25"><span class='ocrx_word' id='word_1_146' title='bbox 714 3026 810 3117; x_wconf 92' lang='lat' dir='ltr'>quod</span> <span class='ocrx_word' id='word_1_147' title='bbox 828 3025 966 3119; x_wconf 85' lang='lat' dir='ltr'>prefata</span> <span class='ocrx_word' id='word_1_148' title='bbox 983 3050 1073 3098; x_wconf 86' lang='lat' dir='ltr'>oaua</span> <span class='ocrx_word' id='word_1_149' title='bbox 1095 3027 1204 3098; x_wconf 90' lang='lat' dir='ltr'>debet</span> <span class='ocrx_word' id='word_1_150' title='bbox 1228 3022 1442 3098; x_wconf 84' lang='lat' dir='ltr'>monasterio</span> <span class='ocrx_word' id='word_1_151' title='bbox 1467 3028 1513 3099; x_wconf 90' lang='lat' dir='ltr'>de</span> <span class='ocrx_word' id='word_1_152' title='bbox 1538 3026 1656 3100; x_wconf 87' lang='lat' dir='ltr'>Scona</span> <span class='ocrx_word' id='word_1_153' title='bbox 1680 3028 1725 3099; x_wconf 94' lang='lat' dir='ltr'>de</span> <span class='ocrx_word' id='word_1_154' title='bbox 1751 3028 1854 3098; x_wconf 77' lang='lat' dir='ltr'>dictis</span> <span class='ocrx_word' id='word_1_155' title='bbox 1870 3030 1975 3099; x_wconf 87' lang='lat' dir='ltr'>terris</span> <span class='ocrx_word' id='word_1_156' title='bbox 1992 3028 2038 3097; x_wconf 91' lang='lat' dir='ltr'>de</span> <span class='ocrx_word' id='word_1_157' title='bbox 2054 3024 2161 3098; x_wconf 88' lang='lat' dir='ltr'>Inch-</span> 
     </span>
     <span class='ocr_line' id='line_1_17' title="bbox 716 3162 2161 3258; baseline 0.002 -26"><span class='ocrx_word' id='word_1_158' title='bbox 716 3174 857 3257; x_wconf 83' lang='lat' dir='ltr'>mertyn</span> <span class='ocrx_word' id='word_1_159' title='bbox 883 3166 1069 3236; x_wconf 88' lang='lat' dir='ltr'>annuatim</span> <span class='ocrx_word' id='word_1_160' title='bbox 1095 3162 1245 3258; x_wconf 87' lang='lat' dir='ltr'>persolvi</span> <span class='ocrx_word' id='word_1_161' title='bbox 1272 3165 1316 3235; x_wconf 87' lang='lat' dir='ltr'>de</span> <span class='ocrx_word' id='word_1_162' title='bbox 1340 3166 1435 3237; x_wconf 88' lang='lat' dir='ltr'>bono</span> <span class='ocrx_word' id='word_1_163' title='bbox 1460 3173 1499 3237; x_wconf 93' lang='lat' dir='ltr'>et</span> <span class='ocrx_word' id='word_1_164' title='bbox 1516 3163 1703 3237; x_wconf 87' lang='lat' dir='ltr'>sufficienti</span> <span class='ocrx_word' id='word_1_165' title='bbox 1720 3166 1902 3237; x_wconf 80' lang='lat' dir='ltr'>frumento</span> <span class='ocrx_word' id='word_1_166' title='bbox 1919 3166 2041 3237; x_wconf 88' lang='lat' dir='ltr'>debite</span> <span class='ocrx_word' id='word_1_167' title='bbox 2057 3186 2161 3235; x_wconf 92' lang='lat' dir='ltr'>mun·</span> 
     </span>
     <span class='ocr_line' id='line_1_18' title="bbox 715 3300 2160 3396; baseline 0.001 -27"><span class='ocrx_word' id='word_1_168' title='bbox 715 3300 799 3371; x_wconf 90' lang='lat' dir='ltr'>dato</span> <span class='ocrx_word' id='word_1_169' title='bbox 817 3302 1118 3393; x_wconf 90' lang='lat' dir='ltr'>quemadmodum</span> <span class='ocrx_word' id='word_1_170' title='bbox 1145 3313 1183 3373; x_wconf 90' lang='lat' dir='ltr'>et</span> <span class='ocrx_word' id='word_1_171' title='bbox 1208 3311 1315 3395; x_wconf 91' lang='lat' dir='ltr'>prout</span> <span class='ocrx_word' id='word_1_172' title='bbox 1332 3303 1555 3375; x_wconf 82' lang='lat' dir='ltr'>frumentum</span> <span class='ocrx_word' id='word_1_173' title='bbox 1581 3304 1676 3396; x_wconf 93' lang='lat' dir='ltr'>quod</span> <span class='ocrx_word' id='word_1_174' title='bbox 1701 3304 1861 3375; x_wconf 87' lang='lat' dir='ltr'>defertur</span> <span class='ocrx_word' id='word_1_175' title='bbox 1885 3304 2067 3375; x_wconf 85' lang='lat' dir='ltr'>communi</span> <span class='ocrx_word' id='word_1_176' title='bbox 2084 3302 2160 3372; x_wconf 87' lang='lat' dir='ltr'>soro</span> 
     </span>
     <span class='ocr_line' id='line_1_19' title="bbox 715 3438 2161 3530; baseline 0.003 -26"><span class='ocrx_word' id='word_1_177' title='bbox 715 3438 942 3509; x_wconf 85' lang='lat' dir='ltr'>vendendum</span> <span class='ocrx_word' id='word_1_178' title='bbox 970 3447 1180 3530; x_wconf 85' lang='lat' dir='ltr'>preparatur</span> <span class='ocrx_word' id='word_1_179' title='bbox 1195 3448 1236 3510; x_wconf 88' lang='lat' dir='ltr'>et</span> <span class='ocrx_word' id='word_1_180' title='bbox 1251 3441 1447 3511; x_wconf 87' lang='lat' dir='ltr'>mundatur</span> <span class='ocrx_word' id='word_1_181' title='bbox 1463 3438 1602 3512; x_wconf 87' lang='lat' dir='ltr'>Datum</span> <span class='ocrx_word' id='word_1_182' title='bbox 1619 3450 1658 3512; x_wconf 88' lang='lat' dir='ltr'>ot</span> <span class='ocrx_word' id='word_1_183' title='bbox 1674 3442 1877 3513; x_wconf 69' lang='lat' dir='ltr'>extruitum</span> <span class='ocrx_word' id='word_1_184' title='bbox 1896 3441 1941 3511; x_wconf 90' lang='lat' dir='ltr'>de</span> <span class='ocrx_word' id='word_1_185' title='bbox 1958 3440 2050 3511; x_wconf 90' lang='lat' dir='ltr'>libro</span> <span class='ocrx_word' id='word_1_186' title='bbox 2065 3440 2161 3511; x_wconf 64' lang='lat' dir='ltr'>alto-</span> 
     </span>
     <span class='ocr_line' id='line_1_20' title="bbox 715 3572 2161 3672; baseline 0.002 -29"><span class='ocrx_word' id='word_1_187' title='bbox 715 3596 794 3643; x_wconf 91' lang='lat' dir='ltr'>rum</span> <span class='ocrx_word' id='word_1_188' title='bbox 825 3596 889 3666; x_wconf 87' lang='lat' dir='ltr'>per</span> <span class='ocrx_word' id='word_1_189' title='bbox 913 3596 972 3645; x_wconf 92' lang='lat' dir='ltr'>me</span> <span class='ocrx_word' id='word_1_190' title='bbox 999 3572 1218 3645; x_wconf 90' lang='lat' dir='ltr'>Nicholaum</span> <span class='ocrx_word' id='word_1_191' title='bbox 1242 3576 1441 3669; x_wconf 70' lang='lat' dir='ltr'>predibtum</span> <span class='ocrx_word' id='word_1_192' title='bbox 1466 3574 1530 3647; x_wconf 87' lang='lat' dir='ltr'>sub</span> <span class='ocrx_word' id='word_1_193' title='bbox 1560 3576 1688 3672; x_wconf 81' lang='lat' dir='ltr'>Sigillo</span> <span class='ocrx_word' id='word_1_194' title='bbox 1714 3600 1784 3669; x_wconf 94' lang='lat' dir='ltr'>quo</span> <span class='ocrx_word' id='word_1_195' title='bbox 1811 3579 1848 3646; x_wconf 96' lang='lat' dir='ltr'>in</span> <span class='ocrx_word' id='word_1_196' title='bbox 1878 3572 2050 3647; x_wconf 79' lang='lat' dir='ltr'>similibus</span> <span class='ocrx_word' id='word_1_197' title='bbox 2077 3586 2161 3647; x_wconf 87' lang='lat' dir='ltr'>utor</span> 
     </span>
     <span class='ocr_line' id='line_1_21' title="bbox 715 3709 1945 3807; baseline 0.001 -26"><span class='ocrx_word' id='word_1_198' title='bbox 715 3720 753 3781; x_wconf 93' lang='lat' dir='ltr'>et</span> <span class='ocrx_word' id='word_1_199' title='bbox 771 3709 1039 3803; x_wconf 85' lang='lat' dir='ltr'>Subscriptione</span> <span class='ocrx_word' id='word_1_200' title='bbox 1056 3709 1213 3782; x_wconf 86' lang='lat' dir='ltr'>manueli</span> <span class='ocrx_word' id='word_1_201' title='bbox 1230 3709 1340 3782; x_wconf 87' lang='lat' dir='ltr'>Anno</span> <span class='ocrx_word' id='word_1_202' title='bbox 1358 3712 1416 3783; x_wconf 92' lang='lat' dir='ltr'>die</span> <span class='ocrx_word' id='word_1_203' title='bbox 1433 3709 1544 3785; x_wconf 79' lang='lat' dir='ltr'>mensi</span> <span class='ocrx_word' id='word_1_204' title='bbox 1562 3724 1600 3786; x_wconf 89' lang='lat' dir='ltr'>et</span> <span class='ocrx_word' id='word_1_205' title='bbox 1617 3714 1696 3786; x_wconf 88' lang='lat' dir='ltr'>loco</span> <span class='ocrx_word' id='word_1_206' title='bbox 1712 3713 1919 3807; x_wconf 78' lang='lat' dir='ltr'>supradictis</span> <span class='ocrx_word' id='word_1_207' title='bbox 1937 3752 1945 3768; x_wconf 89' lang='lat'><strong>·</strong></span> 
     </span>
    </p>
   </div>
   <div class='ocr_carea' id='block_1_3' title="bbox 716 3986 2109 4083">
    <p class='ocr_par' dir='ltr' id='par_1_3' title="bbox 716 3986 2109 4083">
     <span class='ocr_line' id='line_1_22' title="bbox 716 3986 2109 4083; baseline 0.001 -25"><span class='ocrx_word' id='word_1_208' title='bbox 716 3986 1000 4061; x_wconf 86' lang='lat' dir='ltr'>Instrumentum</span> <span class='ocrx_word' id='word_1_209' title='bbox 1018 3988 1202 4083; x_wconf 88' lang='lat' dir='ltr'>publicum</span> <span class='ocrx_word' id='word_1_210' title='bbox 1220 4012 1284 4082; x_wconf 86' lang='lat' dir='ltr'>pro</span> <span class='ocrx_word' id='word_1_211' title='bbox 1301 3988 1481 4061; x_wconf 88' lang='lat' dir='ltr'>solucione</span> <span class='ocrx_word' id='word_1_212' title='bbox 1498 4014 1586 4061; x_wconf 87' lang='lat' dir='ltr'>caue</span> <span class='ocrx_word' id='word_1_213' title='bbox 1603 3991 1649 4062; x_wconf 87' lang='lat' dir='ltr'>de</span> <span class='ocrx_word' id='word_1_214' title='bbox 1665 3993 1769 4062; x_wconf 89' lang='lat' dir='ltr'>terris</span> <span class='ocrx_word' id='word_1_215' title='bbox 1787 3992 1832 4062; x_wconf 93' lang='lat' dir='ltr'>de</span> <span class='ocrx_word' id='word_1_216' title='bbox 1849 3990 2084 4081; x_wconf 86' lang='lat' dir='ltr'>lucbmertyn</span> <span class='ocrx_word' id='word_1_217' title='bbox 2101 4027 2109 4043; x_wconf 94' lang='lat'><strong>·</strong></span> 
     </span>
    </p>
   </div>
   <div class='ocr_carea' id='block_1_4' title="bbox 675 4231 2160 4361">
    <p class='ocr_par' dir='ltr' id='par_1_4' title="bbox 675 4231 2160 4361">
     <span class='ocr_line' id='line_1_23' title="bbox 675 4231 2160 4361; baseline 0 -27"><span class='ocrx_word' id='word_1_218' title='bbox 675 4231 694 4333; x_wconf 49' lang='lat' dir='ltr'><strong><em>s</em></strong></span> <span class='ocrx_word' id='word_1_219' title='bbox 721 4242 774 4337; x_wconf 85' lang='lat' dir='ltr'>In</span> <span class='ocrx_word' id='word_1_220' title='bbox 792 4267 850 4337; x_wconf 92' lang='lat' dir='ltr'>dei</span> <span class='ocrx_word' id='word_1_221' title='bbox 867 4268 1013 4338; x_wconf 91' lang='lat' dir='ltr'>nomine</span> <span class='ocrx_word' id='word_1_222' title='bbox 1030 4267 1151 4337; x_wconf 90' lang='lat' dir='ltr'>Amen</span> <span class='ocrx_word' id='word_1_223' title='bbox 1169 4263 1280 4337; x_wconf 84' lang='lat' dir='ltr'>Anno</span> <span class='ocrx_word' id='word_1_224' title='bbox 1292 4267 1337 4338; x_wconf 90' lang='lat' dir='ltr'>ab</span> <span class='ocrx_word' id='word_1_225' title='bbox 1354 4269 1598 4340; x_wconf 87' lang='lat' dir='ltr'>incarnatione</span> <span class='ocrx_word' id='word_1_226' title='bbox 1614 4266 1773 4361; x_wconf 90' lang='lat' dir='ltr'>ejusdem</span> <span class='ocrx_word' id='word_1_227' title='bbox 1789 4264 1977 4339; x_wconf 80' lang='lat' dir='ltr'>millesimo</span> <span class='ocrx_word' id='word_1_228' title='bbox 1995 4265 2160 4359; x_wconf 85' lang='lat' dir='ltr'>quadrin-</span> 
     </span>
    </p>
   </div>
   <div class='ocr_carea' id='block_1_5' title="bbox 714 4399 2161 5183">
    <p class='ocr_par' dir='ltr' id='par_1_5' title="bbox 714 4399 2161 5183">
     <span class='ocr_line' id='line_1_24' title="bbox 714 4399 2161 4499; baseline 0 -25"><span class='ocrx_word' id='word_1_229' title='bbox 714 4399 912 4499; x_wconf 77' lang='lat' dir='ltr'>gentesimo</span> <span class='ocrx_word' id='word_1_230' title='bbox 930 4400 1219 4499; x_wconf 81' lang='lat' dir='ltr'>quinquagesimo</span> <span class='ocrx_word' id='word_1_231' title='bbox 1237 4402 1338 4477; x_wconf 83' lang='lat' dir='ltr'>sexto</span> <span class='ocrx_word' id='word_1_232' title='bbox 1363 4402 1493 4479; x_wconf 86' lang='lat' dir='ltr'>mensis</span> <span class='ocrx_word' id='word_1_233' title='bbox 1509 4430 1593 4477; x_wconf 87' lang='lat' dir='ltr'>vero</span> <span class='ocrx_word' id='word_1_234' title='bbox 1611 4406 1778 4478; x_wconf 87' lang='lat' dir='ltr'>februarii</span> <span class='ocrx_word' id='word_1_235' title='bbox 1804 4407 1862 4477; x_wconf 91' lang='lat' dir='ltr'>die</span> <span class='ocrx_word' id='word_1_236' title='bbox 1878 4402 2030 4498; x_wconf 89' lang='lat' dir='ltr'>septima</span> <span class='ocrx_word' id='word_1_237' title='bbox 2049 4404 2161 4475; x_wconf 87' lang='lat' dir='ltr'>indic-</span> 
     </span>
     <span class='ocr_line' id='line_1_25' title="bbox 714 4536 2159 4637; baseline -0.001 -24"><span class='ocrx_word' id='word_1_238' title='bbox 714 4544 813 4613; x_wconf 87' lang='lat' dir='ltr'>tione</span> <span class='ocrx_word' id='word_1_239' title='bbox 840 4543 966 4633; x_wconf 91' lang='lat' dir='ltr'>quinta</span> <span class='ocrx_word' id='word_1_240' title='bbox 990 4542 1219 4633; x_wconf 87' lang='lat' dir='ltr'>pontificatus</span> <span class='ocrx_word' id='word_1_241' title='bbox 1236 4540 1438 4616; x_wconf 75' lang='lat' dir='ltr'>sanuiffimi</span> <span class='ocrx_word' id='word_1_242' title='bbox 1464 4547 1502 4614; x_wconf 92' lang='lat' dir='ltr'>in</span> <span class='ocrx_word' id='word_1_243' title='bbox 1527 4541 1668 4616; x_wconf 87' lang='lat' dir='ltr'>Christo</span> <span class='ocrx_word' id='word_1_244' title='bbox 1693 4546 1803 4637; x_wconf 88' lang='lat' dir='ltr'>patris</span> <span class='ocrx_word' id='word_1_245' title='bbox 1828 4568 1870 4615; x_wconf 88' lang='lat' dir='ltr'>ac</span> <span class='ocrx_word' id='word_1_246' title='bbox 1896 4544 2031 4613; x_wconf 89' lang='lat' dir='ltr'>domini</span> <span class='ocrx_word' id='word_1_247' title='bbox 2052 4536 2159 4613; x_wconf 87' lang='lat' dir='ltr'>nostri</span> 
     </span>
     <span class='ocr_line' id='line_1_26' title="bbox 716 4675 2160 4777; baseline -0.001 -27"><span class='ocrx_word' id='word_1_248' title='bbox 716 4680 850 4750; x_wconf 91' lang='lat' dir='ltr'>domini</span> <span class='ocrx_word' id='word_1_249' title='bbox 868 4675 991 4750; x_wconf 84' lang='lat' dir='ltr'>Calisti</span> <span class='ocrx_word' id='word_1_250' title='bbox 1016 4680 1137 4751; x_wconf 86' lang='lat' dir='ltr'>divina</span> <span class='ocrx_word' id='word_1_251' title='bbox 1159 4682 1389 4772; x_wconf 80' lang='lat' dir='ltr'>providencia</span> <span class='ocrx_word' id='word_1_252' title='bbox 1407 4705 1499 4777; x_wconf 85' lang='lat' dir='ltr'>pope</span> <span class='ocrx_word' id='word_1_253' title='bbox 1515 4684 1615 4753; x_wconf 85' lang='lat' dir='ltr'>tertii</span> <span class='ocrx_word' id='word_1_254' title='bbox 1631 4679 1742 4753; x_wconf 86' lang='lat' dir='ltr'>Anno</span> <span class='ocrx_word' id='word_1_255' title='bbox 1770 4680 1935 4754; x_wconf 89' lang='lat' dir='ltr'>Secundo</span> <span class='ocrx_word' id='word_1_256' title='bbox 1951 4682 1989 4751; x_wconf 92' lang='lat' dir='ltr'>in</span> <span class='ocrx_word' id='word_1_257' title='bbox 2013 4676 2160 4752; x_wconf 87' lang='lat' dir='ltr'>seffione</span> 
     </span>
     <span class='ocr_line' id='line_1_27' title="bbox 715 4816 2160 4915; baseline 0.002 -28"><span class='ocrx_word' id='word_1_258' title='bbox 715 4816 858 4909; x_wconf 86' lang='lat' dir='ltr'>publica</span> <span class='ocrx_word' id='word_1_259' title='bbox 891 4826 994 4888; x_wconf 89' lang='lat' dir='ltr'>tenta</span> <span class='ocrx_word' id='word_1_260' title='bbox 1027 4816 1138 4912; x_wconf 88' lang='lat' dir='ltr'>Apud</span> <span class='ocrx_word' id='word_1_261' title='bbox 1171 4819 1334 4915; x_wconf 80' lang='lat' dir='ltr'>Burgum</span> <span class='ocrx_word' id='word_1_262' title='bbox 1368 4822 1414 4892; x_wconf 89' lang='lat' dir='ltr'>de</span> <span class='ocrx_word' id='word_1_263' title='bbox 1449 4820 1560 4891; x_wconf 89' lang='lat' dir='ltr'>Pertb</span> <span class='ocrx_word' id='word_1_264' title='bbox 1593 4821 1631 4891; x_wconf 90' lang='lat' dir='ltr'>iu</span> <span class='ocrx_word' id='word_1_265' title='bbox 1664 4822 1820 4915; x_wconf 85' lang='lat' dir='ltr'>pretorio</span> <span class='ocrx_word' id='word_1_266' title='bbox 1850 4819 2006 4915; x_wconf 86' lang='lat' dir='ltr'>ejusdem</span> <span class='ocrx_word' id='word_1_267' title='bbox 2040 4842 2160 4891; x_wconf 89' lang='lat' dir='ltr'>coram</span> 
     </span>
     <span class='ocr_line' id='line_1_28' title="bbox 715 4954 2160 5051; baseline 0.004 -28"><span class='ocrx_word' id='word_1_268' title='bbox 715 4956 918 5026; x_wconf 85' lang='lat' dir='ltr'>reverendis</span> <span class='ocrx_word' id='word_1_269' title='bbox 935 4954 1267 5050; x_wconf 84' lang='lat' dir='ltr'>venerabilibusque</span> <span class='ocrx_word' id='word_1_270' title='bbox 1283 4958 1444 5051; x_wconf 87' lang='lat' dir='ltr'>patribus</span> <span class='ocrx_word' id='word_1_271' title='bbox 1459 4959 1496 5029; x_wconf 94' lang='lat' dir='ltr'>in</span> <span class='ocrx_word' id='word_1_272' title='bbox 1515 4954 1657 5031; x_wconf 85' lang='lat' dir='ltr'>Christo</span> <span class='ocrx_word' id='word_1_273' title='bbox 1674 4968 1711 5031; x_wconf 88' lang='lat' dir='ltr'>et</span> <span class='ocrx_word' id='word_1_274' title='bbox 1729 4959 1882 5031; x_wconf 89' lang='lat' dir='ltr'>dominis</span> <span class='ocrx_word' id='word_1_275' title='bbox 1907 4960 2043 5031; x_wconf 80' lang='lat' dir='ltr'>Thomu</span> <span class='ocrx_word' id='word_1_276' title='bbox 2061 4956 2160 5051; x_wconf 86' lang='lat' dir='ltr'>Epis·</span> 
     </span>
     <span class='ocr_line' id='line_1_29' title="bbox 716 5089 2160 5183; baseline 0.004 -20"><span class='ocrx_word' id='word_1_277' title='bbox 716 5115 803 5183; x_wconf 90' lang='lat' dir='ltr'>copo</span> <span class='ocrx_word' id='word_1_278' title='bbox 831 5089 1080 5164; x_wconf 83' lang='lat' dir='ltr'>Dunkeldensr</span> <span class='ocrx_word' id='word_1_279' title='bbox 1104 5132 1111 5149; x_wconf 93' lang='lat'><strong>·</strong></span> <span class='ocrx_word' id='word_1_280' title='bbox 1134 5093 1332 5168; x_wconf 84' lang='lat' dir='ltr'>Malcolmo</span> <span class='ocrx_word' id='word_1_281' title='bbox 1359 5106 1397 5170; x_wconf 90' lang='lat' dir='ltr'>et</span> <span class='ocrx_word' id='word_1_282' title='bbox 1419 5095 1586 5171; x_wconf 87' lang='lat' dir='ltr'>Johanne</span> <span class='ocrx_word' id='word_1_283' title='bbox 1602 5099 1648 5170; x_wconf 92' lang='lat' dir='ltr'>de</span> <span class='ocrx_word' id='word_1_284' title='bbox 1664 5099 1907 5171; x_wconf 87' lang='lat' dir='ltr'>Abirbrothoc</span> <span class='ocrx_word' id='word_1_285' title='bbox 1924 5105 1962 5169; x_wconf 89' lang='lat' dir='ltr'>et</span> <span class='ocrx_word' id='word_1_286' title='bbox 1981 5096 2160 5170; x_wconf 87' lang='lat' dir='ltr'>Luudoris</span> 
     </span>
    </p>
   </div>
   <div class='ocr_carea' id='block_1_6' title="bbox 0 0 2469 6500">
    <p class='ocr_par' dir='ltr' id='par_1_6' title="bbox 0 0 2469 6500">
     <span class='ocr_line' id='line_1_30' title="bbox 0 0 2469 6500; baseline 0 0"><span class='ocrx_word' id='word_1_287' title='bbox 0 0 2469 6500; x_wconf 95' lang='lat' dir='ltr'> </span> 
     </span>
    </p>
   </div>
  </div>
 </body>
</html>
