4917 6509
343 785 431 837 nno.
450 784 562 837 annm
582 784 623 833 11.
753 761 790 831 S.
818 760 1118 835 TRINITATIS
1143 762 1213 837 DE
1240 762 1387 837 SOON.
1761 776 1802 845 71

344 963 456 1037 ecclic
470 964 559 1056 ipsa
573 986 644 1055 que
656 961 701 1033 ad
715 962 833 1031 forum
847 956 1091 1033 eceliastieum
1102 964 1284 1056 pertinere
1297 961 1493 1035 noscuntur
1507 1003 1515 1021 ·
1530 964 1576 1035 ad
1589 963 1806 1057 responden-

341 1102 428 1171 dum
455 1100 517 1172 uel
540 1100 756 1195 litigandum
783 1101 821 1169 in
851 1101 951 1171 curia
976 1096 1126 1171 seculari
1154 1109 1281 1172 contra
1307 1102 1375 1172 sori
1403 1098 1542 1173 clicalis
1569 1102 1802 1197 priuilegium

341 1237 564 1330 Aliquaten9
589 1235 721 1330 obpalli
738 1239 787 1307 no
812 1231 944 1329 poffiut
961 1273 969 1290 ·
988 1233 1167 1319 Quocirca
1184 1236 1389 1309 discretioni
1411 1236 1479 1309 uie
1495 1262 1519 1334 p
1538 1239 1655 1333 aplica
1673 1238 1804 1333 scripta

340 1374 531 1447 mandam9
548 1384 727 1468 quatenus
753 1378 802 1445 no
820 1374 1040 1467 permittatis
1058 1374 1171 1446 dieo·
1189 1374 1376 1447 Abbatem
1392 1388 1418 1445 t
1434 1386 1659 1449 conuentum
1677 1387 1803 1450 contra

342 1508 574 1584 conceffionis
592 1512 657 1584 nie
675 1522 840 1584 tenorem
858 1508 1048 1604 superbiis
1070 1513 1116 1583 ab
1133 1512 1289 1605 aliquib3
1305 1514 1468 1585 indebite
1485 1510 1666 1587 molestari
1685 1555 1693 1571 ·
1713 1515 1802 1587 mol-

342 1647 513 1723 estatores
538 1651 721 1723 hui9modi
743 1672 808 1743 per
824 1646 1008 1721 censuram
1031 1648 1272 1723 eccliasticam
1297 1648 1468 1744 appllone
1494 1648 1688 1745 postposita
1704 1676 1801 1724 com-

340 1786 517 1881 pescendo
534 1826 542 1845 ·
562 1787 651 1859 Non
677 1783 842 1859 obstante
859 1782 886 1855 fi
904 1786 1058 1879 eliquib3
1074 1810 1096 1858 a
1112 1783 1194 1859 sede
1220 1786 1338 1881 aplica
1361 1781 1407 1858 fit
1431 1787 1643 1859 indultum·
1662 1786 1712 1881 qd
1738 1814 1801 1884 ex-

339 1927 597 1999 communicari
622 1922 788 2018 suspendi
814 1922 873 1995 uel
897 1923 1064 1995 interdici
1090 1948 1164 1995 non
1189 1921 1322 2018 possint
1346 1948 1411 2018 per
1436 1894 1545 1997 lits'as
1570 1926 1705 2033 aplicas
1731 1952 1803 1998 non

338 2066 513 2138 facientes
538 2065 684 2159 plenam
700 2077 726 2135 t
743 2060 940 2158 expressam
966 2087 1009 2136 ae
1026 2064 1072 2135 de
1097 2063 1210 2134 uerbo
1227 2063 1274 2134 ad
1291 2064 1444 2135 uerbum
1470 2064 1517 2134 de
1534 2064 1678 2135 indulto
1698 2064 1800 2135 hui?-

337 2203 436 2274 modi
448 2204 672 2275 mentionem
685 2243 693 2261 ·
705 2200 780 2275 Dar
793 2199 952 2274 Laterani
962 2201 1000 2294 iij
1013 2199 1102 2271 Nori
1114 2240 1123 2257 ·
1137 2198 1350 2277 Nouembrs
1361 2199 1602 2273 Pontificatus
1613 2199 1673 2271 nii
1688 2201 1798 2273 Anno

339 2340 538 2413 undecimo.

338 2616 447 2688 Carta
463 2614 653 2688 Malcolmi
670 2620 840 2709 pincerne
858 2612 970 2707 Regis
987 2613 1033 2684 de
1050 2580 1189 2685 duabus
1206 2614 1392 2705 perticatis
1410 2621 1515 2683 terre.

244 2894 313 2965 106
342 2868 543 2965 Universrs
559 2888 680 2963 sancte
705 2890 831 2959 matris
849 2881 997 2981 ecclefie
1014 2885 1098 2955 filiis
1123 2884 1343 2966 malcolmus
1360 2886 1533 2978 pincerna
1549 2886 1686 2957 domini
1704 2889 1797 2980 regis

335 3028 487 3103 salutem
541 3027 671 3100 Sciatis
697 3048 756 3096 me
780 3019 912 3096 dedisse
938 3032 976 3095 et
1002 3016 1203 3093 conceffill'e
1221 3030 1260 3093 et
1276 3022 1344 3093 hac
1360 3044 1444 3095 mea
1460 3034 1560 3093 carta
1576 3018 1796 3095 confirmasse
1909 3052 1920 3069 ·

336 3168 418 3240 Deo
436 3174 475 3239 et
491 3160 640 3238 ecclesie
653 3164 777 3235 sanet
790 3156 982 3237 michaelis
999 3159 1044 3230 de
1059 3158 1178 3231 Scona
1195 3168 1234 3230 et
1252 3158 1377 3231 abbati
1392 3168 1429 3230 et
1447 3160 1643 3231 couventui
1660 3160 1794 3231 ibidem

338 3304 420 3377 Deo
436 3300 673 3375 servientibus
699 3309 738 3373 et
763 3297 946 3371 servituris
973 3298 1061 3369 duas
1085 3297 1281 3390 perticatas
1298 3303 1394 3366 terre
1411 3318 1492 3367 mee
1518 3318 1606 3389 quas
1623 3296 1740 3368 habeo
1756 3300 1795 3367 in

338 3440 450 3513 Perth
461 3442 500 3509 iu
511 3436 724 3510 occidentali
739 3444 842 3529 parte
853 3430 989 3507 castelli
1002 3430 1138 3505 scilicet
1149 3433 1228 3505 illas
1238 3434 1433 3526 perticatas
1446 3456 1517 3525 que
1533 3434 1699 3526 proxime
1711 3431 1796 3505 sunt

338 3588 433 3650 terre
448 3574 631 3647 Willelmi
649 3573 778 3671 Vnyot
815 3572 976 3643 Tenend.
994 3566 1061 3642 fibi
1079 3571 1124 3641 de
1141 3593 1201 3640 mo
1218 3578 1258 3641 et
1274 3565 1467 3641 heredibus
1479 3572 1571 3642 meis
1588 3573 1626 3641 in
1643 3571 1795 3643 liberam

336 3736 464 3809 puram
477 3707 708 3785 elemosinam
751 3708 835 3781 Hiis
848 3704 1000 3781 testibus
1012 3707 1203 3779 Willelmo
1220 3704 1372 3801 persona
1388 3708 1433 3778 de
1448 3706 1604 3801 Luudyn
1619 3708 1796 3781 Duncano

337 3851 411 3923 filio
440 3872 522 3921 meo
557 3847 694 3919 Eweuo
723 3848 834 3919 fratre
863 3845 1002 3919 Thome
1037 3845 1082 3916 de
1117 3842 1251 3939 Lundy
1281 3843 1449 3915 Waltero
1482 3840 1650 3917 hostiario
1685 3844 1795 3917 Petro

336 3989 483 4061 homine
500 3988 545 4059 de
564 3985 675 4057 Perth
693 3984 831 4057 Thomu
847 3983 921 4061 filio
940 3981 1019 4055 Nai
1039 3980 1232 4054 Clemente
1250 3980 1409 4073 dapifero
1426 3991 1465 4053 et
1481 3980 1607 4051 multis
1624 3980 1713 4053 aliis.
