4917 6509
360 880 447 932 unc.
462 878 547 931 nou.
564 880 588 929 1.
773 856 809 929 S.
836 856 1135 930 TRINITATIS
1162 858 1232 931 DE
1258 858 1405 931 SCON.
1767 868 1813 939 99

358 1081 500 1131 necnon
517 1067 556 1130 et
573 1079 699 1129 omnes
717 1064 831 1129 terras
848 1066 1062 1129 tenementa
1079 1068 1117 1129 et
1133 1052 1359 1152 poffeffiones
1380 1082 1468 1152 quas
1484 1059 1622 1133 habent
1639 1084 1686 1131 ex
1704 1060 1814 1132 dona·

358 1199 458 1269 tione
484 1193 654 1268 nostruin
677 1203 894 1289 perpetuum
944 1194 1065 1279 Quare
1090 1195 1243 1266 tirmiter
1266 1198 1498 1289 probibemus
1523 1220 1570 1269 ua
1595 1199 1675 1290 quis
1701 1198 1813 1269 diuos

359 1333 558 1431 Religiosos
575 1342 639 1407 aut
654 1334 820 1407 homines
837 1330 917 1405 suos
934 1334 1047 1404 (littae
1064 1342 1178 1403 terras
1198 1331 1260 1404 seu
1278 1343 1491 1407 tenementa
1512 1335 1759 1407 inhabitantes
1775 1337 1814 1405 in

358 1473 536 1566 aliquibus
554 1470 657 1543 souis
674 1466 775 1566 prifis
788 1472 1014 1565 captionibus
1027 1472 1189 1565 cariagiis
1202 1468 1264 1543 seu
1278 1471 1357 1543 aliis
1370 1469 1525 1544 serviciis
1542 1469 1813 1565 quibuscunque

358 1634 423 1683 nos
440 1608 734 1705 contingentibus
752 1619 878 1680 contre
894 1609 987 1680 hauc
1000 1604 1261 1681 concessionem
1274 1605 1430 1681 nostram
1444 1634 1576 1681 vexare
1589 1607 1652 1681 seu
1663 1633 1812 1705 gravare

358 1747 539 1844 presumat
589 1746 635 1819 ln
653 1748 755 1841 cujus
772 1749 823 1818 rei
849 1742 1096 1819 testimonium
1121 1743 1346 1840 presentibus
1372 1742 1528 1840 sigillum
1553 1742 1714 1819 nostrum
1735 1772 1815 1842 pre-

359 1891 520 1984 cepimus
546 1888 677 1981 apponi
732 1885 870 1958 Datum
896 1884 992 1979 apud
1019 1882 1173 1956 Saeuam
1200 1881 1367 1957 vicesimo
1393 1908 1489 1957 nono
1514 1887 1573 1957 dic
1600 1884 1813 1957 Decembris

360 2025 471 2099 Anno
489 2025 607 2121 Regni
624 2020 733 2095 nostri
751 2020 928 2095 vicesimo.

361 2302 418 2374 De
435 2302 600 2393 libtatib3
617 2296 708 2372 srcut
725 2298 834 2371 abbes
851 2300 896 2370 de
914 2296 1021 2369 Abbi
1037 2310 1063 2367 ”t
1081 2279 1309 2390 Dunstlyn
1328 2337 1336 2353 ·

267 2582 337 2647 134
360 2556 516 2651 Robtus
534 2578 591 2649 dei
608 2583 675 2671 gia
691 2575 774 2647 Rex
791 2572 972 2660 Scottous
990 2568 1204 2665 Justiciarijs
1221 2612 1229 2626 ·
1249 2572 1460 2663 vicecoitib3
1477 2612 1485 2627 ·
1505 2570 1686 2664 Prepbitis
1701 2582 1727 2639 t
1743 2594 1815 2658 cop

362 2718 505 2792 baltici·
516 2717 561 2791 ad
574 2737 663 2808 quos
674 2696 819 2810 {isentes
830 2712 884 2783 lie
894 2683 1052 2804 pueslint
1065 2706 1172 2781 saltm
1182 2708 1371 2780 mandam9
1381 2707 1482 2779 vobis
1493 2719 1518 2776 t
1528 2688 1686 2803 {loipim9
1696 2705 1817 2799 q‘tin9

361 2857 541 2951 pmittatis
558 2849 758 2947 Religiosos
775 2853 869 2922 viros
885 2848 1030 2920 Abbem
1048 2856 1087 2918 et
1104 2846 1310 2917 Conuetum
1336 2846 1382 2916 de
1409 2843 1525 2917 Scou‘
1543 2886 1551 2901 ·
1570 2847 1727 2941 gaudere
1748 2845 1843 2937 liu,

363 2995 474 3087 tatib3
490 2991 561 3064 suis
580 2994 632 3063 cis
649 3014 673 3087 p
690 3012 756 3062 uos
773 2984 920 3061 cocessrs
944 2982 1029 3058 iux‘
1054 2989 1179 3056 tenore
1204 2983 1286 3071 liap
1313 2992 1407 3070 ulau
1432 3006 1521 3075 quas
1547 2983 1632 3054 inde
1657 2984 1819 3055 babent!

364 3133 431 3205 sub
449 3154 579 3226 magno
596 3125 711 3249 sigillo
728 3134 794 3199 nio
813 3127 903 3199 adeo
920 3122 995 3196 libe
1010 3137 1037 3194 t
1054 3124 1176 3216 quiete
1194 3163 1202 3178 ·
1222 3118 1314 3193 srcut
1327 3120 1500 3216 Religiosr
1513 3123 1581 3193 viri
1597 3121 1763 3193 Abbates
1781 3134 1819 3193 et

364 3270 550 3341 Conuetus
568 3268 613 3339 de
630 3266 774 3352 Abirbp
793 3272 831 3335 et
848 3265 894 3334 da
911 3256 1176 3358 Du'nsermelyn
1194 3260 1354 3355 gaudent
1371 3260 1536 3351 libtatib3
1550 3254 1649 3330 suis!
1674 3257 1735 3331 Ita
1750 3284 1777 3354 q
1793 3284 1820 3351 p

365 3416 429 3479 vio
447 3408 559 3479 descu
585 3402 738 3498 amplius
763 3402 847 3473 inde
873 3395 1001 3471 iustam
1019 3399 1196 3492 r'pimonia
1221 3404 1271 3467 no
1288 3397 1454 3467 audiam?
1474 3395 1561 3467 Dat*
1578 3396 1674 3490 apud
1700 3392 1820 3489 Alytll

368 3568 404 3617 ιο
421 3546 480 3617 die
497 3542 634 3638 Augai
652 3542 763 3613 Anno
781 3538 899 3653 Regni
917 3539 975 3609 nii
993 3530 1158 3607 vicesimo
1176 3534 1272 3628 prmo
1290 3574 1298 3589 ·

369 3820 479 3893 Carta
491 3818 643 3890 Roberti
662 3815 772 3910 Regis
790 3814 834 3884 de
852 3812 1001 3883 decimis
1018 3810 1200 3880 lucrorum
1218 3818 1257 3878 et
1273 3804 1495 3879 escaetarum
1513 3848 1521 3863 ·

277 4106 345 4172 135
372 4074 569 4171 Robertus
599 4094 657 4164 dei
683 4090 812 4164 Gratia
836 4087 918 4158 Rex
945 4084 1153 4157 Scottorum
1177 4079 1384 4155 Justiciario
1406 4078 1469 4152 suo
1495 4103 1542 4151 ex
1568 4080 1695 4151 boriali
1722 4090 1825 4173 parte

371 4260 463 4331 aque
480 4236 526 4307 dc
543 4232 639 4304 forth
656 4250 798 4301 necnon
816 4225 1020 4298 vicecomiti
1043 4232 1082 4294 ct
1106 4220 1249 4293 ballivis
1267 4215 1338 4289 suia
1355 4219 1401 4289 de
1418 4215 1530 4288 Pertb
1556 4218 1618 4309 qui
1643 4240 1708 4310 pro
1734 4226 1826 4289 tem-

372 4398 458 4469 pore
487 4372 623 4443 suerint
665 4367 831 4439 Salutem
861 4364 1073 4437 mandamus
1100 4360 1200 4431 vobis
1226 4366 1265 4429 et
1291 4357 1507 4450 precipimus
1537 4362 1715 4446 quatenus
1744 4355 1828 4426 reli·

373 4508 479 4609 glosis
496 4510 581 4579 viris
598 4506 738 4579 Abbati
756 4512 795 4574 et
811 4501 1007 4574 conventui
1031 4500 1076 4571 de
1094 4498 1191 4569 Scon
1209 4505 1389 4567 eteorum
1414 4487 1667 4565 successoribus
1684 4489 1832 4589 singulis

374 4650 478 4723 annis
493 4642 645 4742 persolvi
662 4641 803 4714 faciatis
819 4640 858 4710 in
874 4645 1091 4732 perpetuum
1109 4636 1266 4706 decimas
1283 4634 1445 4703 omnium
1462 4630 1645 4704 lucrorum
1658 4640 1697 4702 et
1714 4628 1830 4703 escae-

375 4800 495 4861 torum
508 4793 585 4857 tam
598 4784 643 4854 de
654 4780 798 4874 placitis
810 4772 1014 4849 Justiciarie
1027 4796 1136 4867 quam
1149 4773 1194 4844 de
1206 4770 1350 4865 placitis
1362 4740 1635 4842 vicecomitatus
1648 4768 1694 4839 do
1705 4772 1829 4863 goueri

376 4926 434 4999 De
451 4923 581 5017 quibus
606 4919 742 4993 habent
758 4916 906 4989 Cortum
932 4908 1088 4983 nostram
1112 4931 1245 5005 magno
1261 4903 1378 5002 sigillo
1400 4904 1521 4978 nostro
1538 4901 1728 5001 sigillatam
1780 4904 1832 4977 Et

376 5064 472 5157 quod
498 5064 535 5132 in
560 5061 629 5132 hoc
656 5052 891 5151 apposueritis
918 5050 1021 5123 uobis
1038 5044 1185 5144 singulis
1212 5047 1315 5119 aunis
1340 5047 1378 5117 iu
1404 5045 1581 5139 compotis
1598 5040 1723 5115 vestris
1746 5045 1832 5116 faci·
